3250 6617
586 1102 642 1169 ΕΤ
665 1104 1001 1172 FORMULARUM.
1324 1115 1365 1178 73

227 1271 396 1340 Καταρτίζειν.
438 1269 477 1324 ίνα
496 1271 523 1324 ἐν
538 1275 582 1342 μιᾷ
603 1273 715 1344 ύποταγῇ
733 1271 776 1339 ἦτε
819 1275 989 1329 Κατευοδόειν.
1033 1273 1070 1328 ίνα
1095 1278 1177 1328 πάντα
1205 1275 1255 1329 ὅσα
1278 1280 1366 1345 ποιῆτε

267 1351 467 1421 κατηρτισμένοι.
491 1349 555 1425 Igu.
575 1350 648 1426 Eph.
667 1371 694 1407 2.
743 1355 776 1409 ὣς
858 1355 1048 1422 κατευοδωθητε.
1073 1353 1135 1430 Igu.
1151 1354 1250 1430 Magn.
1266 1374 1309 1427 13.

266 1431 397 1500 ἅνθρωπος
416 1432 451 1487 είς
469 1432 559 1485 ἕνωσιν
573 1435 774 1504 κατηρτισμένος.
818 1439 980 1505 Κατηγορείν.
1018 1437 1092 1492 αὐτός
1113 1438 1201 1490 εἀυτοῦ
1222 1443 1367 1509 κατηγορῶν

268 1508 375 1566 Philad.
393 1514 418 1567 8.
458 1514 668 1584 κατηρτισμένους
682 1514 774 1567 ε’νάκι-
858 1511 935 1569 εἶπεν.
959 1513 1049 1571 016111.
1065 1514 1081 1569 I
1097 1530 1139 1587 17.

267 1591 332 1666 νύτιμ
353 1593 447 1647 πίστει.
475 1591 633 1667 8111111111.
676 1602 775 1664 Καταρ-
818 1595 942 1649 Κατιέναι.
979 1599 1094 1649 κατιόντα
1108 1598 1159 1651 ἀπὸ
1172 1601 1217 1666 της
1230 1595 1364 1669 καρούχος.

265 1673 440 1730 τίσος...τούς
458 1674 484 1726 ἐν
497 1673 578 1741 Ῥώμη
592 1679 642 1727 τῶν
656 1674 777 1744 ἀδελφῶν
859 1673 945 1731 Mart.
962 1674 1057 1749 Polyc.
1074 1678 1102 1730 8.

265 1752 379 1810 ἀκοντας.
400 1752 486 1810 Mart.
502 1752 565 1828 Ign.
583 1768 609 1824 5.
819 1759 956 1811 Κατοικείν.
1002 1759 1029 1809 ε’ν
1056 1758 1113 1825 ύμῖν
1139 1759 1241 1826 οὐδεμία
1269 1757 1366 1829 αἵρεσις

225 1833 436 1898 Κατασβεννύειν.
479 1836 548 1888 ὥστε
568 1835 728 1899 κατασβέσαι
746 1837 776 1889 τό
857 1839 971 1890 κατοικεῖ.
994 1835 1056 1911 lgn.
1074 1835 1147 1911 Eph.
1165 1839 1190 1892 6.
1243 1841 1277 1894 ὣς
1290 1841 1366 1893 αὐτοῦ

264 1918 325 1985 πῦρ,
348 1912 434 1971 Mart.
451 1914 547 1988 Polyc.
561 1916 604 1969 16.
857 1917 883 1969 ἐν
897 1916 954 1983 ἡμῖν
972 1921 1150 1974 κατοικοῦντος.
1177 1931 1220 1988 15.
1264 1928 1364 1973 Βασκα-

225 1995 436 2050 Κατασκαπεύειν.
473 1997 548 2064 τίκασι
570 1999 775 2050 κατασκοπεῦσαι
857 1997 895 2049 νία
910 1998 936 2049 ε’ν
950 1997 1007 2064 ὑμίν
1019 1999 1052 2065 μὴ
1066 2000 1220 2054 κατοικείτω.
1242 1997 1325 2054 Rom.
1338 2016 1364 2071 7.

265 2075 310 2142 τὴν
322 2079 409 2145 χώραν
422 2068 510 2129 αύτῶν.
533 2073 718 2131 Clen1.112.
857 2078 921 2133 θεὸς
935 2079 965 2130 ού
979 2081 1094 2132 κατοικεῖ.
1120 2076 1227 2133 Ρ11111111.
1246 2080 1275 2135 8.
1317 2085 1367 2134 τῶν

225 2158 398 2210 Κατασκοπός.
435 2157 647 2225 Ἐκπεμφθίντων
666 2158 774 2228 γὰρ...
857 2157 902 2224 την
925 2156 1039 2227 Σμύρναν
1062 2158 1248 2213 κατοικούντων.
1278 2157 1364 2215 Mart.

265 2241 432 2290 κατασκοπῶν
448 2237 482 2290 είς
496 2236 659 2306 τηνἹεριχῶ.
684 2235 773 2292 Clem.
858 2234 1010 2310 Polyc.12.

267 2312 339 2370 112.
382 2318 405 2369 οί
430 2318 583 2370 κατασκοπαὶ
607 2319 651 2384 της
675 2319 722 2387 γης
746 2317 773 2385 η·
816 2319 1007 2388 Κατοικτείρειν.
1046 2319 1091 2385 τὴν
1104 2319 1201 2386 ἡλικίαν
1214 2321 1291 2372 αὐτοῦ
1305 2341 1364 2372 κατ-

263 2399 326 2462 μῶν.
349 2393 385 2450 ib.
856 2401 983 2466 οικτεῖραι.
1007 2396 1204 2472 1111111.Ρο1)’1·.
1222 2417 1250 2469 3.

224 2477 388 2542 Κατάστημα.
435 2475 465 2528 ού
489 2476 550 2529 αύτδ
574 2478 603 2529 τδ
628 2479 774 2546 κατάστημα
817 2478 976 2548 Καυχᾶσθαι,
1019 2481 1059 2532 καὶ
1077 2480 1122 2532 ούκ
1143 2481 1196 2550 ἔχει
1211 2502 1252 2535 τις
1270 2480 1363 2550 καυχη-

264 2557 361 2626 μεγάλη
375 2556 504 2624 μαθητεία.
529 2556 591 2630 Igu.
605 2554 690 2611 Trall.
707 2575 733 2629 3.
856 2559 960 2612 σασθαι.
983 2557 1045 2632 Igu.
1063 2556 1173 2613 l'hilad.
1187 2560 1214 2615 6.
1248 2561 1291 2613 ε’άν
1304 2581 1362 2613 καυ-

225 2637 426 2707 Καταστρέφειν.
469 2637 521 2705 ἔρις
547 2640 635 2692 πόλεις
660 2641 774 2709 μεγάλας
855 2637 973 2708 χὴσηται,
988 2639 1113 2695 ἀπώλετο.
1138 2638 1235 2713 Polyc.
1253 2653 1281 2710 5.

264 2716 449 2788 κατέστρεψεν.
468 2715 557 2772 (118111.
572 2715 587 2771 I
603 2717 628 2772 6.
663 2719 690 2772 ἐν
702 2721 773 2793 λόγῳ
815 2718 945 2789 Καύχημα.
976 2723 1011 2773 Τό
1029 2719 1143 2790 καύχημα
1161 2721 1265 2789 ἡμῶν..
1280 2721 1364 2774 ,ἔστω

265 2795 366 2851 δύναται
379 2799 442 2851 αύτά
456 2798 639 2869 καταστρέψαι.
664 2812 709 2869 27.
855 2801 882 2852 ε’ν
895 2801 970 2874 αύτῷ.
995 2798 1181 2872 (1111111134.

224 2877 407 2949 Καταστροφίη.
445 2878 530 2934 Ἰωνᾶς
545 2876 684 2936 Νινευίταις
697 2903 771 2935 κατα·
816 2879 955 2951 Καύχησις.
999 2886 1055 2935 Ποῦ
1076 2881 1198 2951 καύχησις
1219 2887 1269 2934 τῶν
1288 2884 1363 2952 λεγο-

264 2960 382 3029 στροφὴν
395 2957 519 3029 ἐκήρυξεν.
544 2958 633 3015 010111.
650 2958 666 3015 Ι
682 2974 706 3032 7.
855 2961 936 3029 μένων
966 2968 1077 3015 συνετῶν
1084 2987 1092 3023 ,·
1127 2960 1190 3037 Ign.
1218 2960 1290 3036 Eph.
1319 2962 1361 3016 18.

223 3039 394 3093 Κατατιθίναι.
424 3041 521 3114 ε’νλίνερ
536 3041 662 3109 κατετέθη.
686 3041 772 3098 Mart.
855 3040 894 3094 ἵνα
929 3043 963 3110 μὴ
997 3044 1024 3095 έν
1058 3042 1180 3113 καυχὴσει
1220 3043 1362 3111 ἀπόλωμαι.

264 3117 328 3193 Ign.
345 3121 372 3174 6.
855 3119 939 3177 Tmll.
957 3143 982 3192 4.

223 3203 395 3272 Καταφαγείν.
430 3199 576 3255 κολακεύσω
595 3204 725 3271 συντόμως
741 3225 772 3270 με
815 3202 928 3255 Κεῖαθαι.
957 3204 991 3255 Τδ
1012 3206 1090 3272 χαμαὶ
1111 3203 1210 3257 κεῖσθαι
1230 3207 1306 3256 τοῦτο
1325 3201 1362 3270 ἦν.

263 3283 427 3352 καταφαγεῖν.
451 3279 515 3355 Ign.
532 3280 614 3336 Rom.
632 3294 660 3351 5.
856 3279 944 3337 Clem.
961 3281 1075 3355 Fragm.
1088 3280 1146 3337 viii.

224 3364 404 3430 Καταφρονείν.
448 3364 497 3415 Διά
515 3366 590 3415 τοῦτο
607 3366 647 3416 καὶ
664 3362 771 3415 θανάτου
813 3362 938 3415 Κελεύεινι
975 3366 1005 3429 τῇ
1032 3365 1122 3415 ἑαυτοῦ
1145 3364 1285 3432 προστάξει
1310 3364 1361 3417 ε’κέ-

263 3443 463 3510 κατεφρόνησαν.
507 3441 568 3514 lgn.
598 3439 710 3514 811111111-
742 3459 768 3512 3.
852 3444 946 3494 λεοσεν
959 3439 1029 3496 εἶναι.
1051 3439 1139 3497 Clem.
1157 3440 1172 3495 I
1188 3459 1236 3513 33.
1280 3443 1362 3497 όσαό

262 3524 312 3572 τῶν
335 3525 462 3588 κοσμικῶν
488 3523 659 3590 κατεφρόνουν
683 3524 769 3585 βασά-
853 3524 986 3589 Δεσπότης
1005 3524 1128 3575 ε’πιτελείν
1146 3522 1288 3576 ε’κέλευσεν.
1311 3540 1357 3590 40.

262 3621 320 3654 νων.
343 3598 427 3655 Mart.
445 3598 539 3673 Polyc.
557 3617 581 3654 2.
625 3602 647 3653 εί
661 3607 711 3654 τῶν
724 3602 768 3669 θη·
852 3600 867 3668 ἢ
889 3600 1001 3656 ἀτάκτως
1022 3600 1154 3655 ἐκέλευσεν
1176 3603 1299 3672 γίνεσθαι.
1321 3600 1357 3658 ib.

261 3680 324 3750 ρίων
338 3682 511 3749 καταφρονεῖς.
531 3697 575 3734 11.
853 3681 987 3735 ε’κέλεοσεν
1007 3683 1066 3736 τούς
1086 3682 1181 3735 δώδεκα
1200 3684 1361 3753 φυλάρχους.

222 3758 446 3830 Καταφεύδεσθαι.
475 3760 523 3830 ἀρα
538 3762 567 3814 οὐ
582 3760 771 3832 καταφεύδομαι
855 3779 902 3831 43.
946 3762 1065 3815 ε’κέλευσε
1078 3762 1246 3832 παρατεθῆναι
1259 3765 1360 3834 φαγεῖν.

261 3844 308 3892 τοῦ
322 3842 415 3911 Κυρίου
424 3864 432 3902 ,·
454 3839 517 3915 Igu.
531 3839 615 3896 Trall.
632 3859 677 3896 10.
854 3839 938 3897 Mart.
956 3840 1051 3915 Polyc.
1068 3855 1095 3912 7.
1129 3841 1265 3897 ε’κέλεοσαν
1277 3865 1360 3914 προσ·

221 3921 375 3991 Κατείργειν.
409 3922 594 3993 κατείρχθησαν
615 3922 649 3978 είς
670 3923 771 3990 κάμινον
852 3923 958 3976 ελθόντα
972 3923 1039 3996 αύτῷ
1053 3923 1222 3993 κομφέκτορα.
1241 3923 1286 3978 16.

262 4004 358 4071 πυρόςι
378 3999 556 4072 01611145.
811 4002 967 4070 Κεναδοξείν.
999 4004 1030 4056 Εί
1047 4003 1186 4071 κενοδοξείς
1204 4001 1242 4057 ίνα
1261 4005 1358 4073 ὀμόσω.

221 4085 388 4135 Κατενώπιαν.
432 4086 582 4137 κατενώπιον
615 4083 692 4136 αὐτοῦ
726 4086 770 4151 τῆς
853 4081 937 4138 Mam
954 4082 1049 4158 Polyc.
1062 4102 1105 4138 10.

262 4161 426 4229 δικαιοσύνης.
448 4161 542 4236 Polyc.
559 4161 630 4218 Phil.
647 4174 672 4233 5.
811 4164 959 4231 Κενοδοξία.
996 4165 1186 4236 ἀπορρίψαντες
1206 4164 1252 4235 ἀφ’
1267 4167 1361 4218 εἀυτῶν

222 4243 393 4314 Κατεπείγειν.
421 4245 581 4315 κατεπείγετο
594 4246 644 4314 γὰρ
658 4245 707 4298 ύπό
720 4249 770 4297 τῶν
853 4246 1062 4313 ...κενοδοξίαν
1086 4244 1174 4302 Clem.
1191 4243 1270 4315 135.
1325 4247 1361 4301 είς

262 4328 433 4393 στρατιωτῶν.
457 4322 541 4380 Mart.
559 4322 622 4399 Ign.
640 4337 668 4394 5.
711 4325 769 4378 όδί
851 4327 882 4377 τά
906 4325 1030 4396 ἄγκιστρα
1052 4329 1096 4395 της
1117 4326 1267 4393 κενοδοξίας.
1291 4323 1357 4398 Igu.

261 4402 401 4470 ε’πίσκοπος
413 4405 509 4475 χαίρων
519 4406 711 4476 κατεπείγουσιν
721 4405 768 4459 ύπ-
851 4403 948 4479 Magn.
966 4422 1011 4461 11.
1053 4407 1111 4460 ούδί
1128 4408 1189 4459 κατὰ
1206 4406 1357 4473 κενοδοξίαν.

261 4481 376 4550 ηκουσεν.
398 4483 436 4539 ib.
852 4482 1000 4540 Ρ111111ό.1.

221 4564 433 4635 Κατεργάζεσθαι.
462 4565 558 4635 φθόνος
571 4565 770 4636 ἀδελφοκτονίαν
810 4568 896 4621 Κενός.
924 4567 970 4621 τὰς
987 4567 1059 4622 κενάς
1077 4567 1116 4620 καί
1134 4566 1239 4634 ματαίας
1252 4566 1357 4636 φροντί-

262 4647 454 4714 κατειργάσατο.
484 4643 572 4701 Clem.
600 4643 616 4700 I
642 4665 668 4714 η.
725 4648 770 4714 της
851 4647 904 4700 δας.
928 4644 1019 4700 Clem.
1036 4642 1052 4699 Ι
1070 4660 1095 4718 7.
1144 4646 1189 4712 τὴν
1213 4645 1285 4712 κενὴν
1308 4667 1357 4713 μα·

261 4724 449 4796 δικαιοπραγίας
459 4724 487 4792 ης
498 4729 704 4796 κατειργάσαντο.
720 4743 766 4796 32.
850 4728 1004 4796 ταιολογίαν.
1026 4724 1123 4798 Polyc.
1140 4723 1211 4778 Phil.
1227 4742 1251 4779 2.
1294 4725 1357 4779 ἀπο-

260 4804 342 4875 ίργων
352 4805 387 4857 ὧν
396 4807 622 4876 κατηργασάμεθα.
640 4804 679 4861 ib.
704 4828 768 4877 προ-
850 4809 968 4860 πλανῶσι
978 4807 1063 4860 κενούς
1072 4805 1228 4875 ἀνθρώπους.
1244 4805 1269 4859 6.
1296 4807 1358 4859 πάν-

260 4885 346 4947 βάτων
356 4884 457 4955 φθορὰν
468 4888 685 4956 κατεργαζόμενος.
704 4884 768 4960 Ign.
851 4908 892 4942 τες
906 4887 950 4939 ούκ
964 4886 999 4941 είς
1012 4887 1082 4939 κενόν
1095 4886 1210 4954 ἔδραμον.
1228 4901 1254 4956 9.

260 4961 375 5039 Fragm.
389 4963 427 5019 ix.
811 4966 961 5036 Κεντυρίων.
984 4964 1068 5021 Mart.
1087 4961 1183 5037 Polyc.
1200 4967 1243 5020 18.

221 5045 404 5115 Κατέρχεσθαι.
448 5046 576 5099 κατελθὼν
599 5045 650 5099 ἀπό
671 5045 767 5099 Ἀντιο-
811 5045 946 5116 Κεραμεύς.
979 5044 1008 5098 δν
1020 5047 1115 5115 τρόπον
1130 5045 1208 5116 γάρό
1227 5046 1356 5117 κεραμεύς.

258 5124 336 5195 χείος.
361 5123 448 5182 Mart.
465 5124 529 5200 Ign.
546 5144 571 5196 3.
791 5175 794 5179 f
852 5123 1032 5181 (118111.Ῑῖ8.

220 5205 392 5260 Κατευθύνειν.
415 5206 604 5262 κατευθύνοντες
615 5207 660 5273 τὴν
668 5207 770 5275 πορείαν
811 5206 961 5277 Κερδαλέος.
1005 5209 1035 5259 τὸ
1059 5207 1195 5277 κερδαλέον
1220 5207 1357 5261 διώκοντες.

260 5288 341 5341 αὐτῶν
355 5288 381 5340 ἐν
395 5290 517 5355 ὁσιότητι.
541 5284 629 5342 Olem.
647 5284 662 5339 I
679 5288 727 5355 48.
853 5284 942 5343 Clem.
959 5283 1071 5361 Fmgm.
1088 5284 1126 5341 iii.

866 5365 887 5422 k
