3250 6617
397 1064 404 1077 ’
474 1067 533 1131 Du
557 1068 590 1130 S.
606 1067 785 1131 IGNATII
809 1068 1048 1131 EPISTOLIS.
1236 1063 1279 1126 xli

241 1239 329 1302 nium
344 1239 488 1302 manibus
503 1239 597 1303 fuisse
612 1262 676 1304 non
690 1247 828 1323 negent;
853 1241 885 1303 in
903 1241 987 1303 hisce
1005 1246 1111 1303 tamen
1129 1239 1280 1321 effingen-

241 1342 290 1405 dis
316 1342 524 1425 Impostorem
552 1342 686 1427 aliquem
710 1366 825 1407 nomen
849 1343 969 1427 Ignatii
995 1342 1181 1406 ementitum
1205 1363 1281 1416 esse,

241 1444 503 1509 confidentissime
528 1445 743 1528 pronuntient.
789 1446 931 1530 Pupugit
954 1445 1152 1508 Blondellum
1176 1464 1283 1507 severa

241 1546 316 1610 haec
346 1546 503 1609 mitissimi
535 1546 625 1610 Senis
654 1547 861 1631 reprehensio,
885 1547 1069 1611 admirantis
1094 1552 1217 1609 tantam
1244 1567 1283 1607 ex

241 1649 361 1713 levibus
384 1650 568 1733 conjecturis
592 1650 833 1714 confidentiam:
867 1673 961 1735 quare
982 1649 1126 1734 Epistola
1148 1648 1187 1712 ad
1211 1669 1283 1711 eum

242 1751 326 1829 data,
349 1757 380 1815 et
406 1759 539 1837 quatuor
564 1753 724 1836 productis
750 1753 957 1837 argumentis
980 1776 1058 1838 quae
1084 1753 1187 1836 ipsum
1213 1773 1283 1814 sen·

241 1854 376 1919 tentiam
405 1862 525 1919 mutare
554 1862 707 1933 vetarent,
738 1856 862 1920 haerere
896 1879 929 1919 se
963 1856 1137 1920 etiamnum
1166 1853 1283 1939 profes-

243 1981 295 2020 sus
317 1969 374 2020 est.

287 2061 399 2125 Postea
427 2061 560 2145 insignis
592 2061 761 2125 admodum
786 2062 974 2146 TheologuS,
1002 2061 1158 2125 Henrieus
1184 2061 1284 2123 Ham·
1297 2074 1434 2124 Hammon·

243 2163 387 2242 mondus,
410 2186 507 2247 quum
530 2164 649 2228 videret
671 2165 874 2249 Theologioas
897 2167 1011 2229 Theseo
1032 2165 1066 2227 in
1090 2164 1193 2228 Gallia
1213 2186 1285 2247 pro·
1298 2142 1352 2189 ‘¹¹¹⁸'

243 2266 371 2349 positas,
395 2268 631 2351 proclamantes
655 2268 744 2330 litem
768 2273 800 2331 et
826 2269 1067 2333 controversiam
1094 2268 1132 2331 de
1158 2268 1286 2351 Episco-

244 2393 355 2453 porum
370 2393 464 2453 supra
479 2371 680 2455 Presbyteros
695 2372 912 2455 praerogativa
927 2371 1090 2435 definitam
1106 2372 1174 2455 jam
1189 2370 1287 2434 videri

244 2496 263 2535 a
277 2473 363 2537 Viris
384 2473 478 2556 longe
501 2473 689 2538 doctissimis
712 2475 849 2538 Domino
873 2475 1024 2538 Salmasio
1047 2479 1079 2538 et
1103 2474 1266 2538 Blondello
1277 2499 1286 2549 ;

246 2577 488 2641 Dissertationes
519 2576 672 2655 Gnatum,
703 2578 816 2661 quibus
845 2578 1051 2662 Episcopatus
1076 2581 1148 2662 jura
1178 2600 1216 2641 ex
1254 2576 1287 2638 S.

247 2680 416 2764 Scripturis
445 2683 478 2742 et
507 2679 665 2763 primaeva
693 2680 895 2764 Antiquitate
927 2680 1142 2759 adstruuntur,
1179 2678 1288 2756 edidit,

251 2784 363 2867 (Lond.
384 2783 476 2867 1561)
496 2789 529 2845 et
544 2804 651 2846 earum
672 2784 841 2847 secundam
856 2783 894 2847 de
910 2784 1030 2868 Ignatii
1051 2784 1175 2868 seriptis
1197 2781 1288 2845 insti-

247 2885 319 2949 tuit.
366 2887 405 2948 In
426 2885 481 2948 illa
502 2892 608 2948 autem
628 2886 866 2964 Dissertatione,
880 2888 981 2971 primo
1004 2887 1151 2971 quioquid
1173 2887 1212 2948 ad
1234 2885 1290 2947 bas

248 2989 375 3073 Ignatio
399 2989 621 3072 abjudicandas
644 2989 803 3072 Epistolas
830 2988 951 3053 dictum
976 2994 1035 3066 est,
1059 2987 1230 3050 solenniter
1250 2986 1290 3048 ad

247 3115 375 3156 examen
391 3093 534 3156 vocavit:
557 3092 692 3156 secundo
707 3092 859 3175 quaedam
874 3090 1006 3168 addidit,
1022 3112 1101 3174 quae
1123 3089 1290 3153 earundem

248 3195 467 3260 auctoritatem
490 3195 662 3259 stabiliant.

291 3299 342 3362 Ad
365 3299 441 3363 baec
467 3298 661 3363 Hammondi
687 3298 765 3361 nihil
795 3297 978 3375 Salmasius,
1002 3296 1082 3360 nibil
1108 3295 1290 3359 Blondellus

248 3401 394 3484 reposuit.
430 3402 524 3466 Domi
554 3406 661 3465 autem
689 3401 877 3484 Theologus,
902 3401 1039 3464 Joannes
1069 3399 1205 3462 Owenus
1234 3414 1416 3463 nooman

249 3509 339 3581 strae,
362 3505 395 3568 in
427 3505 624 3569 Praefatione
649 3504 804 3588 quadam‘
831 3502 966 3586 Angliee
991 3501 1108 3585 scripta
1133 3501 1233 3564 multa
1258 3501 1292 3564 in

252 3603 506 3672 Hammondiana
531 3606 653 3692 Ignatii
676 3606 865 3670 Defensione
891 3606 1016 3689 culpat;
1042 3627 1120 3689 quae
1144 3603 1293 3688 peculiari

250 3707 365 3792 scripto
374 3723 395 3786 ⁸,
411 3710 520 3794 lingua
542 3710 639 3774 etiam
662 3715 768 3773 nostra
785 3708 1004 3772 Hammondus
1022 3707 1172 3771 defendit.
1217 3706 1292 3770 Non

250 3816 356 3873 tamen
386 3812 521 3876 Owenus
551 3836 660 3877 eorum
690 3811 879 3876 sententiam
908 3812 1031 3895 probat,
1056 3811 1110 3895 qui
1135 3809 1293 3894 Epistulas

250 3936 357 3979 omnes
372 3915 557 3998 Ignatianas
579 3921 730 3999 tanquam
752 3915 841 3979 fictas
864 3920 897 3978 et
916 3913 1130 3998 supposititias
1152 3912 1293 3976 absolute
1340 3898 1344 3907 ’

250 4017 478 4082 condemnant:
500 4019 597 4083 immo
612 4019 645 4082 in
661 4042 767 4082 earum
782 4018 938 4103 aliquibus
953 4026 975 4056 “
984 4040 1112 4081 suavem
1127 4024 1160 4081 et
1173 4017 1292 4101 gratio·

251 4127 273 4158 “
287 4121 390 4194 sum,’'
414 4129 451 4185 ut
474 4128 628 4186 nostrates
654 4123 836 4206 loquuntur,
859 4130 879 4159 “
889 4120 972 4198 fidei,
998 4120 1184 4198 dilectionis,
1204 4142 1292 4183 sanc-

251 4231 273 4261 “
287 4223 400 4301 titatis,
431 4232 463 4288 et
492 4225 550 4288 zeli
580 4225 641 4289 Dei
665 4225 809 4309 spiritum
835 4224 1006 4308 spirantem
1035 4230 1067 4288 et
1091 4222 1293 4307 operantem’'

250 4326 403 4410 agnoscit.
449 4327 592 4391 Ministri
615 4327 711 4391 etiam
730 4327 943 4391 Londinenses
963 4350 1036 4390 cum
1057 4326 1208 4404 Sculteto‚
1229 4325 1293 4388 Ve-

251 4428 343 4507 delio,
358 4436 390 4493 et
405 4430 519 4493 Riveto
542 4430 671 4513 professi
690 4436 775 4509 sunt,
792 4453 824 4493 se
844 4430 972 4493 minime
990 4451 1097 4494 omnes
1111 4428 1274 4512 reprobare
1283 4452 1292 4503 ;

251 4532 306 4596 sed
329 4532 375 4597 ita
393 4533 431 4597 de
453 4534 636 4617 corruptelis
660 4533 756 4597 locuti
778 4538 864 4611 sunt,
887 4557 922 4597 ac
945 4533 971 4596 si
993 4531 1155 4596 Editiones
1174 4529 1294 4593 Usserii

252 4636 417 4721 Vossiique
438 4660 600 4722 nunquam
618 4638 789 4702 vidissent:
813 4644 896 4701 certe
919 4635 993 4721 qnid
1015 4635 1054 4698 de
1069 4633 1218 4718 Epistolis
1240 4632 1293 4696 de·

252 4738 378 4804 faeeatis
393 4741 556 4818 sentirent,
572 4742 702 4805 minime
716 4741 903 4804 indicarunt.

283 4944 377 5006 ¹[Vid.
397 4944 489 4993 librum
509 4945 661 5010 inscriptum,
681 4945 730 4993 nne
748 4944 856 4993 doctrine
873 4943 904 5007 os
917 4944 954 4993 the
970 4942 1060 4991 Saim'
1073 4943 1242 4991 Perreremnee
1257 4956 1296 4989 cx·

251 5024 354 5088 ploimd
370 5027 423 5074 aad
439 5027 576 5088 confirmed.
593 5027 672 5075 Lond.
690 5025 752 5095 1654
768 5025 823 5089 iol]

286 5112 294 5134 ¹
311 5106 421 5171 [Amor
438 5115 461 5156 to
477 5108 516 5157 eae
526 5108 742 5157 Aninrodeersiona
754 5124 782 5157 on
796 5108 834 5156 lte
846 5107 1019 5156 Dinomenem
1035 5107 1149 5170 louclinp
1164 5106 1298 5168 Ignotim'r

253 5189 363 5252 ὅρων·
399 5190 622 5253 Lana.165440,]

297 5291 367 5334 von.
385 5291 408 5334 1.
947 5272 964 5333 s
