3250 6617
555 1050 618 1114 AD
640 1050 931 1130 CORINTHIOS,
954 1052 973 1114 i.
1262 1058 1284 1125 9

242 1222 383 1297 illustre
409 1249 541 1297 nomen
558 1233 788 1311 vestrumst
810 1225 857 1299 ab
874 1225 1042 1299 omnibus
1067 1227 1181 1300 amari
1204 1226 1284 1326 dig·

242 1367 341 1428 num,
354 1340 589 1415 vehementer
604 1340 926 1440 blasphemaretrn.
959 1341 1051 1434 Quis
1069 1343 1167 1416 enim
1184 1342 1284 1441 apud

241 1483 307 1530 vos
325 1456 531 1531 diversatus
554 1458 653 1530 omni
669 1458 809 1531 virtute
834 1456 981 1557 plenam
1003 1457 1217 1558 firmamque
1242 1485 1285 1533 ac

242 1572 411 1646 stabilem
427 1572 538 1647 fidem
554 1583 715 1648 vestram
738 1601 812 1647 non
831 1573 1027 1673 probavit?
1056 1574 1284 1674 sobriamque

243 1699 282 1763 et
298 1689 524 1765 moderatam
539 1691 579 1764 in
597 1691 744 1766 Christo
760 1691 938 1789 pietatem
960 1718 1034 1765 non
1051 1702 1109 1765 est
1130 1691 1285 1766 admira·

243 1811 326 1882 tusl
345 1816 384 1881 et
400 1806 608 1906 splendidos
625 1835 667 1882 ac
683 1807 849 1883 liberales
866 1808 1128 1907 hospitalitatis
1141 1818 1285 1883 vestrae

243 1949 361 1997 mores
393 1950 467 1997 non
495 1923 744 2022 praedicavit?
779 1933 819 1999 et
846 1924 1045 2023 perfectam
1078 1935 1285 2024 certamque

243 2039 487 2138 cognitionem
527 2052 688 2116 vestram
729 2068 803 2115 non
844 2041 990 2115 beatam
1032 2041 1285 2116 existimavit?

245 2155 379 2230 Omnia
403 2156 501 2230 enim
527 2158 607 2231 sine
632 2184 869 2256 personarum
894 2158 1034 2232 intuitu
1059 2185 1082 2232 a
1097 2158 1201 2232 vobis
1225 2157 1287 2232 fic·

244 2272 343 2359 bant,
373 2273 481 2347 etin
511 2275 584 2349 Dei
612 2274 755 2374 legibus
788 2274 1041 2362 ambulabatis,
1071 2274 1288 2374 praepositis

243 2484 351 2562 legitur
370 2506 414 2564 ap.
431 2487 520 2546 (ilem.
536 2487 619 2545 Alex.
637 2487 743 2546 Strom.
786 2486 921 2546 efferendi
931 2487 1093 2545 observasse
1102 2485 1286 2544 inviolatum:

244 2566 281 2625 iv.
301 2580 345 2641 17,
360 2588 387 2645 p.
405 2570 463 2626 610
478 2569 521 2627 ed.
538 2569 645 2628 Potter.
785 2566 1288 2627 alitcrenimvidereturoccosionem

287 2646 477 2730 ιπονάριτον]
497 2650 643 2723 Eusebius,
659 2650 697 2708 Η
711 2650 743 2708 E
786 2648 948 2744 praebuisse
967 2648 1185 2708 Judeiaantibus
1206 2648 1289 2707 Chri·

245 2729 298 2801 ia,
319 2733 419 2801 π’ρνο
388 2754 436 2787 του
420 2738 578 2805 Χριστοῦ
609 2757 645 2789 σο
629 2736 747 2805 άνσοφον
786 2731 887 2789 stianis
911 2730 1115 2807 obligationem
1138 2729 1288 2807 utriusque

246 2815 423 2885 ιοὶσιινάριτο
425 2814 542 2869 νδιδσσκ
542 2815 623 2870 ολίον
787 2812 882 2890 Legis,
909 2810 1088 2870 Christianae
1114 2810 1223 2870 scilicet
1254 2831 1288 2870 ac

286 2891 365 2950 ihi
350 2917 473 2963 υμονι
444 2890 598 2974 πίνστι]ι
569 2919 658 2952 σιστιν
679 2898 747 2966 ὑμῶν
787 2893 948 2952 Mosarcae
935 2913 1040 2970 jugum
1053 2913 1111 2952 non
1124 2892 1289 2970 ponendum

247 2971 334 3032 blena
351 2972 434 3033 Alex.
785 2975 920 3034 fidelibus
943 2974 1118 3052 imposuisse,
1140 2975 1210 3032 dum
1234 2974 1289 3033 Oc

288 3057 430 3127 5.ιοὶι’πιι
419 3059 510 3127 ιιιῆιν
489 3058 497 3079 ’
483 3053 689 3137 ινΧριστῷ]
647 3057 745 3119 Codex
786 3056 909 3116 rinthics
929 3056 1013 3116 docet
1032 3059 1059 3113 ’ν
1071 3062 1123 3115 τοῖς
1136 3062 1275 3127 νόμοιιο
1240 3080 1288 3113 πο-

246 3135 701 3196 Μιοιιιιοιιιιιιιιιιιιιιιιιι.
785 3139 913 3211 ρώιοοοι.
954 3138 1004 3197 Me
1026 3136 1190 3196 ranchano
1213 3136 1290 3214 fugit

288 3219 315 3275 8
330 3215 503 3321 κοὶοοφολη]
523 3218 571 3296 Ap
572 3219 611 3277 ud
631 3219 746 3278 Gallan-
787 3221 856 3275 ι’τον
855 3224 1004 3291 ἶίνόμοιι
993 3243 1097 3295 mopsos
1075 3218 1173 3276 'oce
1165 3239 1196 3276 ιιι
1215 3217 1291 3276 libro

246 3297 326 3356 dium
342 3299 385 3357 κοί
402 3318 460 3357 non
480 3300 594 3378 legitur,
609 3319 666 3359 non
685 3307 746 3360 tam
788 3299 917 3359 Danielis
931 3301 1018 3360 semel
1031 3299 1165 3377 reperiri3
1181 3296 1231 3380 [ix.
1238 3295 1288 3380 10]

246 3379 365 3438 editoris
377 3381 496 3439 forsitan
509 3401 596 3459 quam
612 3389 747 3460 typogra·
787 3382 883 3440 nullus
896 3389 993 3441 tamen
1006 3382 1079 3440 hano
1092 3381 1129 3440 ob
1142 3401 1256 3440 causam
1272 3401 1291 3439 ιι

245 3459 296 3538 phi
317 3481 420 3521 errore.
463 3461 532 3522 Ood
548 3463 610 3522 Ms.
633 3463 749 3522 exhibet
789 3482 854 3521 mea
872 3463 1015 3522 sententia
1034 3463 1171 3534 discedo,
1196 3462 1290 3522 versio

247 3552 417 3602 ΑΣΦΑΛΗΝ.
788 3545 866 3603 enim
886 3545 937 3603 illo
956 3544 1093 3617 Danielis,
1113 3563 1185 3621 quae
1205 3544 1290 3603 hodie

289 3643 315 3699 9.
330 3629 383 3683 wic
402 3621 498 3705 νόμοις]
517 3625 606 3684 Clem.
623 3625 736 3684 Alex
723 3651 750 3683 ιν
788 3625 911 3686 habetur
910 3646 1057 3721 ,quaeque
1071 3625 1248 3702 temporibus
1259 3624 1288 3684 S.

247 3728 300 3763 τοιι
312 3706 430 3777 mulos
463 3705 543 3803 Quae
557 3706 680 3785 genuina
693 3706 749 3766 leo·
790 3706 901 3766 Hiero
882 3727 983 3846 Χγὶιζιιι
984 3707 1014 3764 in
1038 3727 1092 3765 usu
1113 3706 1176 3778 fuit,
1197 3725 1291 3783 neque

247 3786 297 3856 tio,
312 3793 346 3845 ut
366 3806 402 3844 ex
422 3807 481 3865 cap.
497 3788 529 3846 iii
549 3796 579 3848 et
599 3787 630 3846 xl
650 3788 670 3846 li
671 3795 748 3866 q.uet
790 3795 835 3848 est
856 3789 880 3846 L
956 3809 1092 3861 urorum,
1106 3807 1198 3864 neque
1211 3787 1291 3864 Apo

248 3867 395 3962 OOLOM.
434 3868 585 3948 Nuspiam,
599 3809 692 3964 quodq
690 3890 750 3929 me·
790 3869 891 3928 stolica
915 3868 1091 3929 authoritate
1114 3869 1204 3948 (quod
1228 3868 1291 3947 qui-

247 3968 328 4021 mrm,
311 3949 425 4027 'apud
445 3950 526 4009 LXX
546 3951 621 4010 vel
613 3971 643 4009 ιιι
664 3951 750 4010 Νονο
789 3951 905 4010 demde
921 3951 1040 4010 caeteris
1057 3951 1188 4029 partibus
1202 3949 1291 4008 Bibli-

247 4029 431 4090 Testamento
450 4037 522 4104 νόμοι
545 4032 662 4092 effertur
685 4033 748 4110 plu·
790 4052 873 4091 orum
900 4032 1083 4103 Graecorum,
1107 4052 1180 4109 quse
1205 4030 1291 4091 hodie

247 4111 355 4184 raliter,
369 4132 421 4190 pro
434 4113 547 4191 legibus
559 4115 604 4173 vel
618 4134 751 4192 praecep
790 4113 934 4192 leguntur,
951 4115 1017 4191 jure
1039 4111 1219 4192 adfirmatur)
1242 4133 1291 4172 ne-

246 4192 285 4252 tis
296 4192 361 4265 Dei,
371 4194 421 4252 sed
433 4202 548 4254 tantum
561 4195 751 4274 singulariter,
790 4215 846 4273 que
855 4195 1053 4256 Ecclesiastico
1061 4194 1188 4268 munita3
1201 4214 1291 4272 quum

247 4282 277 4334 et
290 4274 410 4334 denotat
424 4275 674 4353 Dispensationem
690 4277 750 4335 sive
789 4277 829 4336 sit
851 4278 944 4337 versio
967 4276 1179 4355 Theodotionis,
1199 4283 1292 4335 trans·

248 4355 364 4433 Legem,
385 4357 431 4415 vel
451 4358 599 4432 Moralem,
620 4359 665 4417 vel
686 4357 750 4417 Mo
789 4358 873 4436 fugae
892 4381 911 4417 a
930 4358 1093 4418 Christiana
1111 4357 1175 4417 fide.
1217 4357 1292 4416 Vide

246 4436 360 4510 sulcam,
373 4438 418 4496 vel
433 4437 633 4513 Christianam,
643 4440 751 4516 praeci
791 4439 949 4499 S.Hier0n
961 4441 1049 4498 Praei.
1062 4439 1175 4497 inDan
1204 4437 1291 4516 Apud

247 4537 303 4595 pue
311 4539 380 4578 vero
388 4519 559 4579 Mosarcam
550 4520 751 4599 ,quumChri·
791 4521 969 4580 Ezechielem
1008 4521 1184 4599 legimnae
1172 4523 1200 4578 ἐν
1239 4525 1292 4579 τοῖς

247 4599 342 4658 misna
362 4600 546 4679 Dispensatio
565 4603 624 4662 iere
644 4602 750 4680 ubique
789 4607 974 4678 προστάγμοσι
999 4627 1048 4674 μου
1071 4626 1106 4659 σο
1091 4602 1220 4677 ορεύισθι,
1250 4621 1291 4658 ιι

246 4689 366 4741 vocetur
389 4678 585 4760 Evangeliuin.
628 4684 751 4742 Divinae
794 4703 839 4758 13,
860 4692 890 4743 et
910 4687 994 4741 «br
955 4689 1009 4742 τοῖς
1034 4686 1217 4758 προστάγμασι
1242 4706 1291 4788 μορ

247 4772 344 4821 autem
364 4763 441 4841 leges
460 4765 567 4869 ubique
587 4785 751 4842 nuncupari·
790 4769 835 4822 οὐκ
862 4765 1043 4869 ἐπορεύθησαν,
1056 4783 1129 4823 vera
1144 4765 1189 4830 16,
1210 4766 1279 4822 et'
1264 4788 1292 4820 ιν

247 4850 297 4903 tur
310 4847 623 4922 r’vrohalnrpoordyparo,
634 4849 749 4920 κρίματι,
789 4851 842 4905 τοῖς
868 4850 1021 4918 epipam
1021 4851 1197 4920 ὣένποτριιν
1223 4848 1292 4915 ὑμων

248 4928 353 4999 κρίσεις,
378 4929 541 5002 διπάρμοτο,
566 4929 699 5002 μαρτύρια,
720 4935 750 4987 et
789 4929 824 4998 μὴ
841 4928 990 5002 πορεύεσθε,
1004 4947 1074 4985 vers.
1091 4930 1137 4986 18.
1178 4930 1292 4998 νομίμοις

248 5009 409 5078 δικαιώματα,
424 5028 565 5086 nusquam
578 5014 658 5082 νόμοι.
686 5008 750 5067 Νοο
789 5007 880 5085 igitur
908 5027 1005 5067 veram
1037 5027 1098 5067 esse
1129 5007 1290 5077 lectionem,

248 5087 379 5147 absimile
405 5097 450 5149 est
473 5090 651 5150 Clementem
674 5088 750 5148 hunc
789 5108 848 5147 non
860 5097 904 5148 est
916 5090 996 5149 locus
1009 5088 1168 5162 dubitandi,
1182 5089 1207 5146 si
1221 5087 1291 5165 quid

249 5187 359 5229 morem
367 5171 751 5251 vopanonnisisingulsriter
789 5170 893 5229 habeat
905 5170 1088 5230 authoritatis
1102 5169 1190 5230 Olem.
1208 5169 1289 5226 Alex.

293 5273 363 5318 vol..
377 5275 399 5318 1.
845 5275 863 5318 C
