3250 6617
555 1074 617 1137 AD
639 1073 931 1151 CORINTHIOS,
948 1097 976 1134 v.
1239 1076 1282 1139 27

240 1243 414 1320 aseendit.
466 1243 604 1318 Paulus
623 1254 773 1343 propter
788 1244 963 1318 zelumin
981 1245 1126 1319 vincula
1147 1246 1284 1344 septies

242 1362 437 1462 conjectus,
459 1359 620 1460 fugatus,
642 1361 836 1461 lapidatus,
857 1362 1057 1460 patientiae
1082 1364 1285 1461 praemium

242 1479 444 1567 sustinuit;
472 1488 511 1552 et
531 1479 570 1551 in
592 1480 730 1552 oriente
755 1505 797 1552 ac
822 1478 1006 1553 occidente
1031 1480 1134 1554 verbi
1158 1507 1286 1579 praeco

243 1596 373 1680 factus,
394 1592 574 1666 illustrem
599 1592 685 1666 fidei
709 1619 797 1667 suae
821 1592 956 1667 famam
981 1596 1134 1669 sortitus
1160 1605 1226 1681 est,
1247 1595 1287 1668 in

1299 1379 1378 1427 scor.
1387 1378 1412 1425 xi

1300 1457 1404 1507 23-27.

237 1711 389 1810 justitia
412 1710 593 1784 mundum
612 1710 825 1784 universum
849 1710 1044 1798 instruens,
1067 1722 1105 1786 et
1129 1713 1176 1786 ad
1198 1713 1286 1787 occi-
1299 1724 1373 1774 Rom·
1387 1740 1419 1771 xv

244 1969 367 2035 taceant,
379 1963 549 2021 alterutrum
562 1961 746 2021 statuendum
785 1961 878 2021 minat
892 1961 924 2020 Β.
936 1962 1049 2033 Paulus,
1064 1962 1098 2019 11
1107 1962 1178 2020 uhu
1189 1962 1199 2019 i
1212 1981 1255 2020 11.

245 2054 307 2104 est:
329 2052 380 2104 eut
393 2064 430 2102 ex
440 2044 582 2103 Ecclesiae
592 2043 746 2102 traditione
827 2063 854 2115 4.
869 2048 899 2100 τὸ
918 2050 1030 2118 γενναῖον
1045 2049 1089 2115 τῆς
1108 2046 1239 2101 ulmeae.
1257 2090 1262 2100 .
1280 2090 1285 2102 .

245 2127 341 2185 hausit
377 2126 434 2196 ille,
467 2134 517 2183 aut
554 2125 746 2202 conjecturam
785 2122 1101 2205 μίγιστοςῦπογραμμός.]
1127 2125 1173 2181 Ex
1188 2124 1289 2182 Glossa

245 2209 313 2267 fecit
326 2227 363 2266 ex
376 2208 438 2266 loco
453 2207 562 2266 lIOor.
575 2206 606 2264 xi
623 2225 667 2277 24.
699 2205 745 2264 Ibi
786 2205 856 2265 haec
869 2226 930 2265 esse
944 2206 1158 2283 suspicaturvir
1171 2207 1287 2264 doctus:

245 2310 336 2367 quum
363 2289 513 2366 quinquies
543 2307 573 2346 se
601 2288 746 2364 captivum
787 2288 829 2346 ita
838 2290 1016 2364 Anonymus.
1044 2285 1219 2368 [Bemardus
1233 2285 1284 2368 se]

246 2370 332 2429 fuisse
356 2370 461 2428 Paulus
484 2369 662 2447 profiteatur,
684 2369 747 2427 Cle·
789 2368 867 2427 Huic
878 2370 1056 2447 conjecturae
1066 2371 1145 2428 loeus
1158 2390 1216 2427 non
1231 2380 1289 2441 est3

247 2473 328 2511 mens
355 2452 473 2511 fortasse
504 2451 589 2510 simul
617 2450 749 2509 meminit
788 2471 846 2509 non
879 2452 955 2509 enim
990 2451 1162 2516 dissentiunt
1192 2452 1228 2509 ab
1256 2450 1290 2508 iis

247 2533 422 2611 captivitatis
440 2553 527 2611 quam
543 2533 699 2609 Apostolus
719 2539 749 2591 et
789 2552 862 2610 quse
875 2533 911 2590 de
925 2533 954 2591 S.
966 2532 1054 2591 Paulo
1068 2533 1202 2591 dicuutur
1215 2533 1245 2590 in
1261 2532 1288 2590 S.

248 2617 402 2674 Caesareae
415 2622 445 2674 et
458 2615 567 2673 Romae
583 2634 682 2692 passus
697 2621 746 2672 est.
790 2614 955 2691 Scripturis,
976 2623 1005 2673 et
1032 2634 1098 2672 cum
1119 2634 1149 2673 re
1174 2615 1235 2691 ipsa
1262 2621 1291 2673 et

249 2697 291 2756 cf.
310 2696 410 2755 Zeller.
429 2696 519 2755 Theol.
540 2696 643 2754 Jahrb.
663 2699 749 2767 1848,
790 2695 847 2754 fide
870 2695 1006 2755 historica
1029 2697 1137 2772 optime
1160 2696 1291 2754 conveni-

248 2800 275 2856 p.
293 2794 359 2853 530.
383 2778 549 2838 LIPSIUS.
590 2776 750 2835 Windisch-
790 2785 845 2837 unt
851 2797 860 2848 ;
875 2798 966 2855 neque
980 2798 1151 2854 quemquam
1161 2778 1235 2836 male
1243 2777 1292 2835 ha·

248 2876 354 2918 manno
375 2859 477 2919 divisio
498 2861 554 2919 ista
574 2858 751 2937 captivitatis
791 2858 858 2917 bere
872 2868 999 2936 possunt,
1014 2859 1068 2916 nisi
1083 2860 1127 2917 cui
1147 2859 1176 2916 in
1197 2859 1292 2917 animo

250 2942 527 3018 Hierosolymitanae
549 2950 579 3001 et
603 2942 751 2999 Romanae
791 2948 836 3000 est
860 2941 956 2998 omnis
978 2941 1140 3018 improbare
1164 2961 1198 2999 ea
1221 2962 1293 3017 quae

249 3023 352 3083 merito
361 3022 491 3100 displicet
502 3044 512 3096 3
525 3043 591 3081 nam
605 3022 750 3100 quomodo
790 3021 845 3081 hoc
865 3021 895 3079 in
915 3022 978 3080 loco
999 3043 1016 3078 a
1044 3022 1072 3080 S.
1090 3022 1174 3080 Patre
1202 3023 1237 3080 de
1259 3022 1290 3079 B.

249 3125 350 3163 verum
364 3112 444 3175 esset,
458 3104 503 3163 bis
524 3125 590 3163 eum
603 3107 687 3175 δεσμὰ
700 3108 751 3176 φο·
790 3102 930 3180 Apostolo
964 3103 1111 3162 habentur.
1155 3103 1295 3180 Displicet

248 3193 323 3259 ρὲσαν
347 3205 435 3263 quum
457 3193 520 3245 toto
546 3185 597 3245 illo
620 3193 751 3261 tempore
791 3184 866 3244 forte
886 3185 921 3243 Υ.
938 3185 973 3243 D.
996 3185 1072 3262 quod
1101 3185 1136 3243 de
1161 3185 1188 3243 S.
1207 3186 1294 3243 Paulo

249 3268 385 3326 liberatus
398 3287 456 3326 non
469 3269 551 3326 eratl
581 3266 695 3326 Boisius
708 3265 751 3323 in·
791 3266 905 3339 dicitur,
926 3271 968 3324 ἐπὶ
988 3274 1017 3322 τὸ
1037 3269 1115 3340 τέρμα
1135 3272 1178 3337 τῆς
1199 3268 1296 3325 δύσεως

250 3356 426 3426 terpretatur
447 3353 581 3420 πολλάκις,
601 3367 754 3406 numerum
794 3350 885 3409 e'hddrv.
901 3356 930 3407 et
944 3348 1103 3418 δικαιοσύνην
1117 3351 1219 3417 διδάξας
1234 3354 1295 3404 ὁλον

249 3441 361 3489 eertum
371 3450 424 3507 pro
433 3429 550 3488 incerto.
572 3429 702 3488 Boisium
712 3449 754 3487 se·
793 3437 838 3486 τὸν
851 3435 954 3501 κόσμον.
987 3429 1128 3487 Plurimus
1142 3431 1172 3486 iu
1186 3430 1295 3488 oriente

250 3511 350 3590 quitur
363 3511 530 3570 Dresselius.
795 3510 871 3569 inter
894 3511 1036 3570 Asiaticos
1060 3511 1240 3588 Graecosque
1262 3512 1293 3568 B.

292 3613 318 3667 3.
335 3588 550 3686 φ[υγα]δευθοίς]
565 3590 670 3649 lunius
683 3591 755 3670 legit
794 3592 968 3669 Apostolum
1000 3593 1132 3650 fundasse
1157 3592 1296 3650 Ecclesiae

250 3677 400 3746 παιδιυθιίς,
425 3682 511 3751 atque
538 3680 580 3731 ste
600 3672 697 3731 Fellus
725 3681 754 3732 et
796 3673 899 3733 docent
913 3694 965 3732 uos
979 3674 1055 3732 Acts
1067 3675 1167 3750 Apost.
1184 3681 1214 3732 et
1228 3673 1296 3750 Epi-

252 3755 435 3815 Colomesius.
473 3753 632 3814 cotelerius
645 3755 755 3828 ῥαβδεν
795 3755 885 3814 stolae
921 3755 1055 3812 Paulinae
1088 3756 1126 3812 ad
1157 3755 1297 3813 Ecclesiae

252 3840 312 3905 aa,
327 3837 480 3914 respiciens
493 3837 530 3894 ad
544 3835 752 3910 IICor.xi25.
796 3836 920 3895 Graecus
947 3844 977 3896 et
1010 3835 1151 3894 Asiaticas
1184 3836 1294 3894 missae.

253 3918 310 3976 Sed
325 3919 394 3978 cod.
409 3919 472 3977 MS.
502 3937 592 3995 usque
619 3916 712 3975 adhuc
732 3928 754 3973 Φ
795 3918 868 3976 Inde
888 3939 1017 3977 reversus
1039 3917 1248 3994 Hierosolyma,
1269 3925 1299 3976 et

252 3999 376 4059 exhibet.
398 4000 755 4076 Wottonusmfitquoque
795 3998 1298 4076 apraefectoJudaeseadCaesarem

253 4082 390 4158 majorem
403 4088 514 4158 partem
530 4101 561 4139 se
576 4079 683 4138 vidisse
698 4087 755 4139 tes-
795 4081 987 4158 appellatione
1007 4082 1089 4152 facta,
1103 4083 1167 4140 Act.
1180 4101 1240 4138 xxv
1253 4099 1297 4150 11,

253 4169 338 4221 tatur.
374 4161 539 4222 Lectionem
552 4161 643 4240 igitur
656 4160 693 4219 ab
707 4162 756 4220 illo
798 4163 920 4221 Romam
934 4162 1037 4220 missus
1052 4170 1113 4221 est:
1136 4163 1232 4240 ibique
1247 4182 1299 4239 per

252 4243 424 4318 restitutam,
444 4265 462 4302 a
482 4242 634 4302 Gellsndio
654 4244 757 4319 probe-
796 4244 944 4303 biennium
953 4243 1141 4321 Evangelium
1155 4244 1299 4321 praedica·

253 4325 322 4397 tam,
343 4325 417 4384 dedi
460 4324 599 4384 Consules
621 4325 756 4383 secuit
796 4325 848 4399 vit,
873 4335 903 4385 et
927 4325 1025 4384 fideles
1049 4325 1194 4383 instituit:
1230 4324 1296 4384 Act.

255 4424 303 4482 50,
325 4406 375 4465 xiv
389 4410 415 4479 6,
454 4407 488 4464 II
509 4405 622 4465 Gonni
639 4424 685 4474 22,
709 4425 754 4482 23.
798 4407 889 4465 xxviii
915 4426 954 4481 30
984 4426 1029 4481 31.
1092 4406 1196 4464 Postea
1221 4427 1298 4477 vero,

254 4489 302 4547 Sic
323 4488 353 4546 in
371 4488 423 4565 Ep.
446 4489 483 4546 sd
496 4488 649 4546 Tarsenses
664 4486 692 4546 S.
709 4489 757 4567 Ig-
798 4489 927 4547 Caesaris
941 4487 1083 4546 sententia
1096 4488 1240 4560 liberatus,
1250 4508 1298 4565 pe-

254 4571 334 4628 natio
353 4569 505 4648 adscripta,
525 4570 584 4648 §3‚
597 4571 712 4641 Ἰωάννης
730 4574 757 4627 δὲ
797 4570 847 4629 tiit
873 4569 1061 4628 occidentales
1083 4569 1213 4646 Europae
1236 4590 1298 4646 par-

254 4651 425 4727 ἐφυγαδεῦντο
452 4654 479 4707 ἐν
502 4657 605 4728 Πάτμῳ.
649 4649 758 4710 Vocem
798 4659 850 4724 tes,
885 4651 959 4709 sicut
999 4658 1141 4709 testantur
1180 4658 1297 4709 veteres.

254 4732 408 4807 φυγαδεύειν
416 4740 537 4810 usurpat
548 4732 758 4792 Demosthenes
800 4740 806 4764 ¹
823 4732 976 4791 Sciendum
990 4740 1086 4790 eutem
1101 4732 1130 4789 in
1144 4732 1237 4809 prima
1257 4752 1299 4789 ss-

254 4814 285 4872 in
300 4813 379 4873 Oret
395 4814 425 4873 in
440 4815 538 4873 Boeot.
555 4813 590 4873 de
604 4813 681 4873 Dote
695 4815 757 4872 Mu
800 4814 990 4883 ‘tisfaetione
1022 4813 1142 4872 necdum
1175 4813 1300 4872 Neronis

254 4894 316 4968 tris,
340 4917 367 4974 p.
387 4900 472 4969 1018,
488 4911 515 4970 5,
534 4915 569 4953 10
583 4895 626 4954 ed
644 4896 756 4955 Reiske.
800 4900 808 4927 ‘
822 4895 943 4972 imperio
955 4896 1097 4966 roborato,
1112 4916 1164 4954 nec
1177 4895 1207 4953 in
1220 4903 1301 4954 tenta

256 4976 287 5036 Si
309 4976 406 5055 cupias
426 4979 517 5055 plura,
535 4977 620 5035 adeas
634 4978 757 5037 Lobeck.
801 4982 990 5053 ‘emmpente
1010 4976 1123 5048 scelera,
1139 4987 1245 5054 quauta
1265 4977 1301 5034 de

255 5057 292 5116 ad
307 5057 508 5134 Phrynichum
523 5078 549 5135 p.
564 5063 630 5133 385.
802 5062 858 5116 ‘eo
878 5066 995 5117 nmrant
1015 5057 1158 5129 historiae,
1182 5059 1300 5116 Paulum

297 5139 334 5197 ib.
350 5135 442 5220 κῆρυξ]
458 5139 589 5216 Seipsum
604 5141 696 5214 κήρυκα
710 5161 758 5199 no·
803 5145 841 5197 ‘a
854 5139 970 5197 Nerone
990 5138 1147 5211 dimissum,
1161 5150 1195 5198 ut
1210 5140 1302 5196 Evan-

858 5255 912 5300 Η

1301 1803 1338 1855 19.
