3250 6617
524 1101 632 1165 VITA
661 1102 716 1166 ET
747 1101 955 1166 SCRIPTIS.
1235 1103 1268 1165 xi

263 1273 279 1319 ¹³
298 1275 333 1334 de
352 1296 408 1351 qno
425 1273 591 1357 Apoetolua]
618 1278 693 1335 Cum
716 1276 894 1354 Hieronymo
915 1283 994 1336 stant
1013 1276 1162 1347 Eusebius,
1179 1275 1216 1334 H.
1233 1276 1267 1334 E.

223 1373 254 1431 iii
271 1395 289 1446 4
304 1382 333 1433 et
352 1389 395 1446 15,
418 1373 557 1451 Origenes
578 1374 608 1432 in
628 1375 656 1433 S.
669 1374 772 1433 Johan.
788 1375 798 1431 i
815 1394 861 1450 29,
876 1374 950 1452 Opp.
968 1375 997 1432 iv
1010 1394 1038 1451 p.
1054 1389 1108 1448 153
1130 1374 1173 1434 ed.
1188 1373 1268 1440 Ben„

224 1470 410 1549 Epiphanius,
432 1471 518 1530 Haer.
542 1472 623 1530 xxvii
645 1475 671 1545 6,
694 1472 768 1551 Opp.
791 1473 802 1530 i
824 1492 852 1549 p.
873 1487 925 1546 107
950 1472 993 1531 ed
1009 1472 1116 1545 Peter„
1139 1471 1268 1544 Photius‚

223 1569 358 1629 Biblioth
372 1570 447 1629 cxiii.
477 1570 607 1645 Quorum
620 1572 794 1643 testimonia,
809 1570 978 1650 gravisuma
990 1590 1068 1636 sane,
1082 1591 1195 1630 summo
1209 1579 1268 1631 stu-

222 1667 271 1727 dio
290 1677 469 1746 acceperunt,
487 1668 564 1728 inter
583 1669 663 1743 alios,
678 1669 888 1742 Hammondus‚
903 1690 926 1728 c.
943 1669 1133 1741 Blondellum,
1154 1689 1182 1747 p.
1200 1686 1266 1742 254,

223 1765 363 1839 Oudinus,
378 1767 539 1825 Comment.
560 1767 596 1825 de
614 1766 716 1844 Script.
734 1767 840 1826 Eccles.
856 1767 866 1824 i
886 1787 914 1844 p.
929 1786 974 1842 19,
993 1767 1178 1840 Wetstenius,
1198 1768 1266 1827 Pro

221 1862 325 1940 legam.
340 1863 372 1922 in
385 1864 456 1922 duas
467 1864 612 1941 Epistolas
626 1863 766 1941 Syriacas.
777 1885 804 1942 p.
817 1864 857 1938 ix,
872 1863 1051 1930 Gallandius‚
1064 1864 1174 1941 Proleg.
1186 1884 1214 1941 p.
1227 1865 1266 1938 xi,

221 1961 436 2035 einnonem,
451 1961 629 2038 Credihdity,
645 1962 674 2020 P.
690 1961 711 2018 ii
732 1982 792 2038 cap.
808 1961 922 2019 xxxviii
940 1963 955 2038 §
972 1981 1017 2036 23.
1061 1961 1203 2020 Eumdem
1223 1970 1267 2020 tu

221 2078 287 2118 men
301 2060 387 2119 luisse
401 2061 580 2120 Clementem
593 2068 725 2118 nostrum
738 2080 803 2119 cum
818 2080 852 2118 eo
866 2080 952 2137 quem
966 2059 994 2119 S.
1008 2060 1113 2119 Paulus
1126 2060 1266 2138 designat,

220 2157 257 2214 ad
280 2156 401 2236 Philipp.
424 2158 453 2215 iv
471 2178 498 2233 3,
519 2158 637 2216 minime
657 2177 711 2234 pro
732 2165 811 2216 certo
831 2158 940 2217 habent
953 2158 1071 2224 Wallus‚
1093 2159 1218 2234 History
1237 2159 1275 2234 of

219 2255 329 2331 Insunt
341 2256 483 2332 Bupuhm,
497 2255 508 2313 i
521 2276 548 2333 p.
563 2258 599 2314 62
616 2254 709 2314 Oxou.
727 2260 760 2314 18
764 2258 811 2330 36,
827 2255 964 2329 Venema,
975 2256 1053 2315 Hist.
1069 2256 1145 2314 Eccl.
1158 2255 1263 2316 Christ.

220 2353 298 2412 Sacc.
314 2353 324 2410 i
339 2353 354 2429 ξ
369 2373 444 2429 2493
459 2360 566 2430 negant
580 2353 749 2427 Gieselerus,
759 2353 908 2412 heltrburlr
920 2353 1265 2429 derKircterqecticte

219 2450 229 2508 i
248 2470 313 2524 121,
335 2452 496 2511 Guerikeus
508 2451 676 2510 Handhuclr
696 2453 748 2510 der
761 2452 798 2510 K.
817 2453 849 2511 (ι’.
872 2452 882 2509 i
901 2453 967 2526 167,
989 2453 1023 2510 R.
1039 2452 1074 2509 A.
1089 2451 1213 2529 Lipsius,
1233 2452 1264 2510 in

220 2549 426 2628 Disquisitione
440 2552 475 2609 de
490 2550 647 2610 Clementis
661 2551 744 2609 Rom.
760 2549 813 2627 Ep.
831 2549 867 2607 ud
881 2549 1047 2609 Corinthios
1066 2549 1170 2628 priore,
1185 2550 1262 2628 Lips

223 2650 308 2721 1855,
322 2669 349 2726 p.
363 2650 429 2723 167,
443 2648 557 2727 aliique,
571 2667 695 2725 quorum
710 2649 748 2706 ad
762 2648 987 2706 confirmandam
1001 2647 1165 2724 opinionem
1186 2667 1265 2726 mag-

218 2764 288 2803 num
307 2745 418 2806 aceedit
438 2747 550 2824 pondus
571 2766 607 2805 ex
626 2746 756 2823 eoquod
776 2746 922 2812 Irenaeus
937 2746 986 2824 qui
1002 2745 1081 2804 omui
1102 2745 1186 2804 laude
1200 2745 1265 2805 Cle·

218 2852 344 2903 mentem
366 2851 498 2904 nostrum
517 2845 652 2911 cumulat,
672 2845 708 2903 de
726 2845 777 2903 tali
799 2865 832 2903 ae
853 2853 936 2904 tanto
957 2844 1123 2903 testimonio
1146 2843 1264 2921 abipso

218 2941 329 3019 Spiritu
345 2942 450 3001 Sancto
471 2942 539 3001 dato
560 2963 596 3000 ue
616 2943 737 3001 verbum
757 2941 875 3019 quidem
895 2942 1005 3000 habeat.
1050 2941 1155 3000 Exstat
1175 2942 1263 3014 locus,

217 3039 300 3097 miii
316 3060 342 3115 3,
358 3042 469 3112 Κλήμης,
483 3045 498 3095 ὁ
511 3044 552 3096 καὶ
565 3044 679 3114 ἑωρακὼς
699 3044 759 3099 τοὺς
777 3043 914 3114 μακαρίους
927 3043 1113 3103 Ἀποστόλαυε,
1134 3044 1175 3095 καὶ
1195 3064 1262 3111 συμ-

216 3141 351 3208 βεβληκὼς
370 3140 463 3203 αὐτοῖς,
483 3142 523 3194 καὶ
539 3141 576 3194 ἔτι
594 3142 700 3195 ἔναυλον
712 3145 743 3195 τὸ
763 3140 877 3214 κήρυγμα
898 3145 949 3194 τῶν
961 3140 1138 3203 ’Aemilium
1159 3142 1199 3194 καὶ
1219 3141 1265 3210 τὴν

216 3239 358 3310 παράδοσιν
370 3239 421 3309 πρὸ
435 3238 576 3310 ὀφθαλμῶν
589 3241 663 3310 ἔχων.

256 3329 450 3412 eumelus]
477 3332 575 3392 Gletes
594 3334 747 3412 legendum
766 3345 818 3400 est.
838 3355 896 3392 nou
911 3334 1074 3405 Auacletus‚
1089 3341 1122 3391 ut
1137 3333 1262 3410 Sophro-

215 3432 281 3491 nius
294 3433 365 3511 legit
379 3439 409 3491 et
422 3432 577 3509 Interpres.
601 3433 830 3493 VICTORIUS.

256 3525 450 3588 decendens
468 3540 534 3606 post
555 3528 688 3611 Petrum]
721 3531 802 3589 Num
825 3530 957 3590 Clemens
980 3529 1163 3589 immediatus
1184 3529 1261 3589 Petri

216 3644 358 3684 successor
385 3627 480 3700 fuerit,
507 3649 604 3701 neone,
631 3629 686 3706 ipsi
715 3628 857 3688 Pontificii
884 3649 981 3687 secum
1007 3636 1146 3706 pugnent.
1193 3628 1259 3686 Vid.

216 3723 252 3782 D.
275 3724 394 3798 Nelleri‚
418 3726 621 3786 Juriseousulti
645 3726 829 3799 Trevirensis‚
854 3726 1020 3803 Disputatio
1044 3726 1080 3784 de
1105 3725 1261 3791 Clemente,

215 3822 359 3902 Episcopo
379 3823 519 3897 Romano,
540 3825 647 3884 Trevir.
675 3840 759 3899 1772,
784 3832 814 3882 et
838 3825 963 3901 Disquis.
987 3824 1096 3883 Critiea
1118 3824 1149 3881 in
1174 3823 1207 3882 G.
1227 3823 1259 3883 O.

216 3921 333 3993 Nelleri‚
348 3922 384 3981 de
398 3921 491 3981 tribus
506 3922 656 4001 Episcopis
677 3923 706 3981 S.
723 3921 800 3980 Petri
822 3921 980 3981 etiamnum
1000 3920 1132 3991 viventis,
1152 3920 1183 3977 in
1204 3920 1261 3978 Ro

215 4039 299 4077 mans
319 4020 455 4079 cathedra
475 4022 690 4092 successorihus,
712 4028 837 4097 systema
857 4040 973 4090 novum,
989 4018 1033 4078 uti
1054 4028 1084 4078 et
1104 4018 1261 4096 primatum

214 4117 396 4195 pontificium
417 4118 448 4177 S.
461 4118 647 4179 Clementini
667 4121 704 4177 ab
725 4119 826 4177 eodem
846 4118 908 4176 viro
933 4116 1037 4175 clariss.
1060 4116 1090 4174 in
1111 4117 1160 4193 jus
1179 4135 1261 4174 voea-

213 4223 285 4275 tum
309 4215 446 4275 Coloniae
468 4230 552 4291 1772.
587 4217 630 4276 ef.
653 4217 772 4295 Ephem.
796 4217 899 4275 Litter.
916 4215 1062 4292 Goetting.
1082 4228 1167 4288 1773,
1189 4234 1216 4271 n.
1233 4215 1259 4272 6.

215 4311 456 4373 HARLESIUS.

254 4409 451 4487 Hieronymus
475 4412 536 4488 ipse
559 4413 590 4470 in
611 4413 773 4471 Comment.
799 4412 836 4470 ad
861 4411 962 4470 Esaiae
985 4430 1045 4487 esp.
1069 4409 1109 4482 lii,
1135 4407 1209 4485 Opp.
1231 4407 1261 4465 iv

212 4528 240 4585 p.
258 4509 315 4565 612
338 4509 381 4567 ed.
394 4509 513 4568 Vallars.
536 4519 566 4569 et
586 4511 616 4568 in
637 4510 711 4568 libro
732 4510 794 4568 adv.
811 4509 998 4567 Jovinianum
1019 4507 1122 4583 primo,
1138 4524 1198 4583 esp.
1216 4525 1260 4577 12,

213 4605 235 4663 ii
255 4627 282 4685 p.
302 4611 368 4680 258,
388 4607 481 4666 obiter
505 4608 576 4668 dicit
599 4609 778 4667 Clementem
801 4607 968 4666 successisse
989 4604 1018 4664 S.
1037 4605 1129 4663 Petro.
1177 4604 1258 4663 Cous.

212 4703 331 4764 Tertull.
347 4706 384 4764 de
398 4706 567 4784 Praescript.
585 4707 701 4767 Haeret.
719 4707 792 4783 532.
831 4706 974 4774 Irenaeus,
989 4703 1038 4780 qui
1052 4702 1261 4779 Episcoporum

212 4803 411 4862 Romanorum
431 4805 534 4863 seriem
557 4813 587 4864 et
610 4805 816 4864 successionem
841 4804 877 4861 ab
899 4799 1048 4879 Apostolis
1069 4800 1106 4856 ud
1128 4799 1260 4858 duodeci·

212 4919 301 4973 mum,
316 4901 524 4974 theutharium,
539 4902 657 4961 exhibet
671 4913 706 4959 ιιι
723 4901 754 4959 iii
770 4920 797 4975 3,
818 4899 905 4959 tertio
926 4907 993 4976 post
1015 4898 1043 4956 S.
1060 4896 1177 4957 Petrum
1197 4897 1260 4955 loco

213 4997 393 5060 Clementem
409 5000 501 5077 ponit.
545 5001 620 5059 Cum
635 5000 755 5059 Irenaeo
769 5006 828 5058 stat
842 4997 982 5057 Eusebius
996 4996 1036 5053 H.
1049 4995 1082 5053 E.
1098 4995 1131 5052 iii
1148 5011 1193 5069 15,
1210 5014 1243 5052 21
1251 5018 1260 5066 ;

212 5095 399 5176 eumdemque
419 5099 600 5170 sententiam,
622 5105 790 5158 cunctanter
809 5096 934 5175 quidem,
954 5101 1054 5153 tuetur
1072 5092 1258 5171 Epiphanius.

213 5191 395 5275 Augustinus
407 5203 505 5257 autem
519 5217 535 5255 e
549 5196 702 5262 contrario.
717 5196 808 5275 Epist.
825 5195 862 5253 ad
877 5194 1064 5264 Generosum,
1080 5205 1117 5265 53
1133 5190 1176 5249 ed.
1190 5191 1258 5249 Ben.

708 5292 730 5355 b
746 5311 764 5357 2
