3250 6617
405 1054 448 1118 62
770 1056 803 1120 S.
827 1057 1083 1121 cLuMuNuls

406 1241 428 1276 “
445 1228 491 1308 τὰ
510 1230 613 1334 χείλη
631 1228 677 1308 τὰ
702 1228 816 1329 δόλια,
834 1237 1016 1332 γλῶσσαν
1033 1229 1346 1335 μεγαλορρήμονα,
1366 1228 1449 1315 τοὺς

407 1365 428 1402 “
445 1354 619 1452 εἰπόντας,
650 1353 729 1454 Τὴν
760 1362 943 1457 γλῶσσαν
975 1356 1075 1455 ἡμῶν
1105 1354 1372 1458 μεγαλύνωμεν,
1403 1356 1450 1435 τὰ

407 1495 428 1530 “
445 1483 548 1588 χείλη
566 1483 667 1582 ἡμῶν
683 1491 768 1586 παρ’
787 1485 871 1583 ἡμῖν
888 1484 976 1582 ἐστι’,
994 1485 1047 1568 τίς
1065 1484 1165 1583 ἡμῶν
1183 1482 1301 1588 κύριός
1323 1486 1445 1581 ἐστιν;

407 1621 429 1657 “
446 1609 542 1690 Ἀπὸ
568 1615 632 1709 τῆς
659 1613 900 1715 ταλαιπωρίας
922 1620 993 1691 τῶν
1014 1618 1180 1718 πτωχῶν,
1201 1614 1258 1690 καὶ
1286 1610 1358 1692 ἀπὸ
1385 1620 1449 1692 τοῦ

408 1747 429 1785 “
447 1747 650 1839 στεναγμοῦ
679 1744 751 1817 τῶν
778 1737 938 1839 πενήτων
966 1747 1029 1819 νῦν
1059 1737 1323 1839 ἀναστήσομαι,
1352 1740 1480 1839 λέγει5

409 1877 430 1914 “
451 1865 593 1970 Κύριος,
623 1866 779 1965 θήσομαι
810 1869 848 1946 ἐν
877 1868 1049 1974 σωτηρίᾳ,
1078 1864 1374 1971 παρρησιάσομαι
1413 1868 1450 1945 ἐν

408 2005 431 2041 ιι
448 1993 579 2100 adrui„

242 2135 392 2251 ademi
465 2118 532 2208 15².
553 2119 939 2227 Ταπεινοφρονοῦντων
956 2119 1028 2225 γάρ
1044 2123 1178 2202 ἐστινὸ
1196 2119 1370 2225 Χριστός,
1387 2125 1450 2203 οὐκ

416 2249 425 2273 ι

242 2271 319 2327 ntur,
332 2283 388 2332 pra
407 2249 642 2353 επαιρομένων
659 2250 716 2330 ἐπὶ
742 2247 785 2329 τὸ
811 2251 975 2348 ποίμνιον
1002 2251 1122 2329 αὐτοῦ.
1181 2248 1236 2331 Τὸ
1263 2253 1451 2354 σκῆπτρον

409 2497 481 2550 δόλια
501 2501 676 2567 convertens,
691 2515 824 2554 maneum
837 2494 909 2553 adeo
949 2500 998 2552 Καὶ
1018 2499 1159 2563 κατιοοδοῦ,
1174 2500 1214 2552 καὶ
1231 2499 1364 2562 βασίλευε.
1407 2499 1451 2567 Μὴ

408 2575 534 2634 reddidit
547 2575 622 2634 hune
636 2577 738 2648 locum,
748 2584 783 2636 ut
796 2576 909 2635 difficile
949 2579 1064 2647 ξενιζέτσ
1084 2580 1111 2634 δι’
1132 2580 1196 2650 ἡμᾶς
1215 2581 1245 2634 τὸ
1260 2585 1451 2650 προστακτικῶς

408 2665 490 2728 asset,
502 2657 557 2715 nisi
571 2658 647 2735 quod
662 2678 698 2716 ex
712 2659 740 2716 S.
754 2658 909 2735 seripturis
948 2659 1072 2733 λέγεσθαι
1098 2662 1135 2725 τὸ,
1164 2660 1307 2723 emmaus,
1335 2660 1376 2714 διὸ
1405 2661 1452 2729 τὴν

408 2737 610 2797 citanturhaee
620 2740 714 2805 verba,
724 2759 756 2797 aa
766 2741 906 2817 supplere.
948 2741 1083 2811 συνήθειαν
1102 2745 1147 2811 τῆς
1171 2744 1281 2815 γραφῆς,
1306 2739 1385 2798 οὗτοι
1412 2741 1452 2798 dd

409 2819 493 2893 Quod
520 2820 544 2878 si
571 2818 626 2878 hoc
653 2820 727 2879 forte
760 2821 909 2879 accidisset
949 2822 1451 2895 σχηματιζοὺσηοτὰεύκτικθ·γινήθήτο

408 2901 465 2959 ulio
491 2900 522 2958 in
548 2901 620 2973 loco,
643 2902 694 2959 ubi
724 2901 769 2960 his
797 2902 909 2961 omissis
948 2907 1041 2976 γὰρτὸ
1055 2903 1152 2974 θέλήμιί
1168 2926 1225 2968 σου,
1238 2904 1293 2958 ἀντὶ
1313 2907 1360 2958 τοῦ
1376 2926 1450 2976 γοη-

408 2982 551 3040 sententia
577 2983 650 3041 foret
677 2983 809 3059 perfecta,
837 2984 908 3042 adeo
949 2986 1011 3055 θείη,
1032 2987 1073 3040 καὶ
1096 2985 1190 3041 ἐλθέτω
1214 2985 1228 3054 ἡ
1249 2986 1371 3049 βασιλεία
1392 3007 1451 3055 σου,

408 3070 442 3122 ut
453 3063 547 3122 hiatus
559 3063 661 3141 aliquis
670 3064 716 3122 vel
726 3064 909 3123 manifestum
948 3067 1003 3122 ἀντὶ
1026 3071 1072 3121 τοῦ
1094 3067 1164 3136 ἔλθῃ.
1208 3065 1247 3123 Et
1269 3063 1394 3141 cyrillus
1414 3065 1451 3122 ad

408 3144 523 3203 chasma
543 3165 600 3203 nou
628 3147 790 3218 sentiretur,
812 3146 910 3223 hujus·
950 3142 1310 3226 Psalm.NA‘.[vers.16.]
1338 3147 1451 3204 Ἐλθέτιι

408 3227 487 3285 modi
511 3247 607 3285 errore
630 3227 660 3284 in
684 3247 782 3285 omnes
806 3227 909 3286 exhinc
949 3231 980 3300 δὴ
1002 3231 1107 3286 θάνατος
1127 3230 1166 3284 ἐπ’
1185 3228 1283 3299 αὐτούς,
1303 3233 1338 3285 ut
1358 3227 1451 3286 estin

408 3308 565 3384 descriptos
587 3316 617 3367 et
640 3308 793 3385 impressos
817 3309 906 3367 codd.
950 3308 1059 3368 Catena
1078 3316 1183 3379 nostra,
1197 3328 1255 3367 non
1275 3316 1390 3367 tautum
1411 3312 1451 3365 αὖ·

407 3398 574 3466 propagato,
590 3389 660 3448 haee
679 3392 767 3448 verba
787 3411 823 3448 ex
845 3390 909 3449 Cle·
949 3395 1026 3462 κτικά,
1049 3391 1098 3449 sed
1127 3393 1280 3464 προρρητικά
1307 3389 1396 3448 etiam
1420 3389 1451 3448 in

406 3479 503 3529 mente
517 3472 631 3547 penitus
645 3471 822 3530 excidissent.
850 3472 908 3530 Ne·
950 3472 1105 3549 Scripturis
1131 3478 1322 3544 προστακτικῶς
1347 3471 1449 3543 efferri,

407 3571 462 3628 que
482 3552 612 3610 absimile
631 3562 683 3625 est,
698 3553 743 3611 vel
757 3554 910 3612 accuratis-
949 3561 1113 3613 auctorest.
1145 3553 1226 3612 Ἐθοι
1239 3555 1295 3609 ι’στὶ
1308 3557 1339 3623 τῇ
1351 3557 1450 3627 γραφῇ,

407 3633 512 3691 simum
532 3634 680 3693 librarium
700 3655 782 3712 posse
800 3635 858 3693 labi
878 3635 909 3693 in
949 3639 981 3692 τὰ
998 3638 1153 3709 προρρητιιιὰ
1173 3639 1349 3710 προστακτικῴ
1362 3638 1449 3710 τροπή

407 3713 570 3792 hujusmodi
579 3736 695 3775 errores.
723 3716 801 3775 Hinc
810 3717 841 3774 in
855 3717 909 3775 hoa
948 3719 1152 3791 προσφέρεσθαι·
1174 3721 1214 3772 καὶ
1237 3717 1344 3771 ἐνταῦθα
1366 3718 1450 3772 τοίνυν

408 3796 470 3872 ipso
485 3797 557 3855 Cod.
572 3797 665 3869 MSto,
679 3797 775 3876 IReg.
793 3798 824 3855 iii
840 3820 866 3870 4,
880 3813 907 3871 5,
949 3803 987 3863 τό,
1006 3801 1101 3855 ἐλθέτω
1122 3801 1235 3869 θάνατος,
1256 3800 1296 3852 καὶ
1317 3801 1356 3866 τό,
1372 3820 1448 3853 unru-

407 3877 537 3955 legimus,
573 3884 622 3935 Καὶ
655 3883 776 3936 ἐκάλεσεν
809 3882 908 3953 Κύριος,
948 3881 1078 3950 βήτωσιιν,
1101 3881 1156 3935 ἀντὶ
1178 3884 1224 3935 τοῦ
1247 3877 1390 3947 ἐλεύσεται,
1409 3881 1450 3934 καὶ

409 3961 534 4031 Σομοοήλ,
549 3961 673 4030 Σαμουὴλ,
688 3965 727 4016 καὶ
742 3959 819 4027 εἶπεν,
833 3962 907 4032 Ἰδοὺ,
948 3963 1143 4031 καταβήσονται,
1158 3960 1259 4033 εἴρηται.
1285 3959 1304 4015 J
1307 3957 1447 4018 UNIUS.

409 4042 459 4114 ἐγὼ
481 4040 605 4119 (omissis
625 4051 691 4118 post
711 4043 773 4106 ι’δοῦ,
793 4044 850 4116 ἐγώ,
868 4047 909 4098 καὶ
992 4060 1016 4099 2.
1048 4041 1239 4116 μεγαλύνωμτν]
1269 4039 1405 4098 Davisius
1433 4060 1449 4098 e

408 4125 515 4196 ἔδραμεν
526 4127 590 4194 πρὸς
600 4124 682 4188 Ἠλεὶ,
694 4126 733 4178 καὶ
747 4121 824 4187 εἶπεν,
832 4124 907 4192 Ἰδοὺ,
948 4121 1030 4180 LXX
1038 4123 1152 4199 reponit
1159 4127 1354 4196 μκγολννοῦμεν,
1362 4140 1450 4199 quam

409 4201 471 4280 ἐγὼ)
496 4205 535 4259 ὅτι
562 4206 681 4275 κέκλήκάς
708 4229 747 4274 με.
783 4203 906 4262 WOTT.
948 4204 1176 4263 emendationem
1196 4202 1364 4261 Gallandius
1381 4223 1449 4261 aon-

413 4280 501 4364 [Cum
514 4284 652 4343 Wottono
672 4292 750 4343 stant
767 4285 836 4342 Fell.
854 4285 908 4344 Co·
948 4285 1091 4344 firmatam
1112 4292 1207 4344 censet
1225 4305 1242 4342 a
1257 4284 1346 4342 Ciam.
1363 4283 1448 4344 Alea

407 4366 474 4423 lom.
498 4365 593 4425 Coust.
613 4366 742 4424 Galland.
763 4366 856 4425 Hasd,
879 4375 908 4426 et
948 4367 997 4444 qui
1025 4375 1055 4426 et
1082 4368 1142 4444 ipse
1169 4367 1209 4424 sic
1235 4365 1307 4443 legit
1328 4365 1359 4422 in
1386 4365 1450 4424 Ιοοο

409 4447 574 4506 Dresselius.
617 4448 700 4506 Idem
729 4449 791 4525 jam
825 4456 909 4507 antea
947 4449 1043 4507 citato.

409 4536 558 4587 monuerat
585 4529 718 4588 Potterus
751 4530 787 4587 ad
816 4529 906 4588 Olem.
990 4544 1015 4603 5.
1041 4525 1228 4608 ἀναστήσομιιι]
1256 4527 1325 4586 cod
1346 4527 1449 4587 MStus

408 4608 493 4667 Alex.
527 4611 632 4669 Strom.
656 4611 686 4669 iv
709 4613 735 4681 6,
763 4632 790 4688 p,
821 4609 902 4692 578.]
948 4611 1065 4669 exhibet
1079 4619 1338 4676 ΑΝΑΣΤΗΣΟΜΕΝ,
1352 4609 1396 4668 uti
1407 4609 1450 4667 ri·

410 4691 502 4749 Locus
515 4691 561 4750 hia
575 4693 713 4751 conflatus
727 4700 770 4751 est
784 4713 821 4751 ex
834 4713 905 4751 vers.
948 4692 992 4751 dit
1007 4693 1123 4764 Millius,
1138 4712 1195 4749 non
1212 4700 1448 4763 ΑΝΑΣΤΗΣΟΜΕ,

413 4790 449 4846 19
469 4772 539 4830 Psal.
560 4794 629 4845 xxx,
649 4775 736 4851 juxta
759 4783 906 4851 computa·
948 4775 1026 4851 quod
1038 4775 1069 4832 in
1083 4781 1166 4832 textu
1179 4772 1259 4831 dedit
1271 4772 1434 4831 Wottonua

408 4853 517 4911 tionem
539 4854 721 4923 Graecorum,
743 4864 772 4915 et
792 4877 908 4928 versu4
992 4858 1018 4914 6.
1042 4857 1152 4926 θήσομαι
1182 4857 1210 4910 ἐν
1239 4850 1363 4933 σωτηρίᾳ]
1401 4854 1450 4912 Ita

409 4933 453 4992 Ps.
483 4936 512 4992 xi
540 4944 570 4994 et
597 4938 637 4995 eis
666 4939 715 5015 qui
742 4946 907 5015 sequuntur.
950 4937 1030 4995 Lxx
1053 4938 1124 4995 Intt.
1148 4936 1202 4994 uisi
1223 4935 1299 5012 quad
1321 4955 1374 5011 pro
1395 4959 1448 4992 σο-

409 5014 518 5072 Curia
540 5017 710 5095 imperativo
730 5021 858 5094 γενηθήτω
879 5027 909 5078 et
947 5023 1019 5092 τηρίᾳ
1046 5019 1152 5077 habent
1178 5020 1303 5092 σωτηρίῳ,
1333 5016 1450 5093 quibus·

407 5115 464 5153 non
482 5101 594 5171 γενηθιίη
611 5101 760 5172 scribatur,
774 5101 908 5159 audiatur
947 5120 1013 5158 cum
1026 5100 1168 5159 consentit
1181 5098 1297 5176 Vulgat.
1333 5099 1451 5156 Pomm

407 5177 755 5239 BasiliusadPsalm.MA'.
769 5178 902 5262 [vers.5.]
947 5183 982 5240 ιἰι
1001 5182 1145 5240 adunari:
1164 5178 1346 5255 fidrwtiaditer
1363 5200 1451 5256 aqam
