3250 6617
524 1221 527 1225 ι
554 1131 609 1194 ου
631 1130 969 1193 FORMULARUM.
1265 1128 1328 1191 τοο

238 1305 268 1357 οὐ
285 1303 381 1374 μακρὰν
396 1301 492 1373 άπίχον
507 1302 557 1358 άπδ
572 1305 617 1371 τῆς
631 1305 741 1359 πόλεως.

238 1382 275 1439 ib.
318 1382 381 1456 ἦγον
393 1384 428 1440 είς
440 1385 485 1453 τὴν
498 1387 581 1439 πόλιν.
604 1384 630 1439 8.

823 1304 863 1355 καί
886 1303 1015 1365 βάσκανος
1036 1302 1075 1353 καί
1101 1302 1217 1369 πονηρός.
1240 1298 1327 1356 Mart.

824 1380 918 1456 Polyc.
935 1394 978 1454 17.

198 1466 328 1520 Πολιτεία.
359 1468 395 1534 Τῇ
409 1465 539 1539 παναρίτῳ
552 1466 592 1519 καί
606 1465 743 1539 σεβασμίιρ
783 1467 874 1520 Πόνος.
921 1465 1039 1519 πλείονας
1065 1461 1203 1534 ίνιτίηνεγκεν
1228 1462 1327 1518 πόνους.

237 1547 362 1616 πολιτείᾳ.
385 1543 473 1602 clem.
489 1544 504 1601 Ι
522 1564 546 1601 2.
589 1547 634 1616 τὴν
650 1547 741 1615 άμετιι-

825 1543 913 1601 Clem
931 1544 946 1600 Ι
961 1559 987 1616 5.

237 1627 348 1696 με’λητον
370 1629 499 1683 πολιτείαν
521 1632 567 1682 τοῦ
594 1632 667 1683 θεοῦ.
694 1641 739 1697 54.
783 1629 888 1698 Πορεία.
939 1624 1129 1681 κατευθύνοντες
1155 1624 1200 1693 τὴν
1225 1624 1330 1695 πορείαν

238 1709 332 1780 άγαθῆς
368 1708 449 1763 ἕνεκεν
481 1706 618 1765 πολιτείας.
654 1707 739 1766 Mart.

824 1709 906 1761 αὐτῶν
919 1709 946 1761 ε’ν
958 1710 1077 1774 ὁσιότητα
1101 1703 1188 1762 Clem.
1206 1702 1221 1759 I
1236 1706 1282 1775 48.

239 1788 333 1864 Polyc.
355 1807 398 1862 13.
441 1792 486 1858 τὴν
502 1790 545 1845 ἀπ’
559 1791 637 1862 ἀρχῆς
659 1791 743 1845 άνεπί-
783 1787 952 1860 Πορεύεσθαι.
999 1791 1052 1843 τοῖς
1079 1791 1162 1854 νόμοις
1188 1790 1234 1841 τοῦ
1263 1791 1329 1841 θεοῦ

238 1874 335 1939 ληπτον
346 1873 482 1926 πολιτείαν.
502 1883 545 1943 17.

199 1951 353 2008 Πολιτεύειν.
402 1952 581 2007 πολιτεύεσθαι
618 1955 679 2007 κατὰ
713 1956 742 2006 τό

239 2035 345 2102 καθῆκον
371 2036 407 2108 τῷ
433 2038 545 2108 Χριστῷ.
571 2032 658 2090 clem
678 2032 694 2088 Ι
714 2050 740 2105 3.

238 2113 341 2170 Τούτοις
357 2117 410 2170 τοῖς
427 2115 548 2186 ἀνδράσιν
567 2113 647 2172 όσίως
665 2119 740 2170 πολι-

238 2196 409 2264 τευσαμένων.
433 2195 458 2251 6.
502 2197 545 2251 ε’ὰν
557 2197 590 2264 μὴ
604 2196 682 2264 ἀξίως
697 2197 740 2250 αὖ·

238 2281 284 2330 τοῦ
323 2279 518 2346 πολιτευόμενοι.
550 2295 595 2333 21.
663 2278 743 2334 ε’νίους

239 2359 308 2427 ὑμεῖς
329 2361 483 2431 μεταγάγετε
504 2362 586 2416 καλῶς
608 2362 741 2413 πολιτευο-

238 2440 336 2508 μένους.
359 2458 405 2509 44.
449 2443 480 2495 ol
501 2442 551 2512 γδρ
571 2441 636 2509 μετά
656 2443 743 2510 φόβου

239 2522 280 2576 καί
297 2521 394 2593 άγάπης
411 2524 606 2591 πολιτευόμενοι
630 2535 676 2592 51.
720 2525 744 2576 οί

238 2605 427 2671 πολιτευόμενοι
470 2603 516 2672 τίην
557 2602 745 2672 ἀμεταμέλητον

238 2684 369 2738 πολιτείαν
381 2688 427 2738 τοῦ
443 2687 519 2739 θεοῦ.
541 2696 587 2755 54.
630 2685 673 2739 ε’ὰν
692 2707 741 2739 πο-

237 2765 413 2835 λιτευσόμεθα
435 2765 512 2832 άξίως
536 2766 622 2821 αὐτοῦ.
646 2764 740 2841 Polyc.

239 2842 311 2900 Phil.
328 2859 354 2917 5.

199 2927 317 2996 Πολίτης.
358 2925 485 2999 ρύσωνται
512 2928 553 2982 διὰ
578 2932 623 2982 τοῦ
649 2930 744 2983 ἑαυτῶν

239 3007 343 3078 αίμοτος
376 3010 435 3065 τοὺς
468 3011 580 3067 πολίτας.
613 3006 703 3067 Clem.
727 3009 742 3065 Ι

199 3173 329 3227 Πολλάκις
338 3174 437 3240 μάλλον
446 3173 533 3228 πενίας
542 3171 644 3244 ἕθλιψε.
654 3170 742 3229 Clem.

240 3249 352 3326 Fragm.
365 3250 403 3307 iv.

199 3334 411 3404 Πολυαγάπητος.
442 3335 681 3407 τόπολυαγάπητόν
694 3357 744 3389 σου

240 3413 328 3482 ὄνομα.
351 3411 415 3488 Igu.
432 3411 504 3488 Eph.
521 3432 544 3469 1.

199 3493 397 3552 Παλνεύτακτος.
430 3496 499 3563 ὑμῶν
511 3497 541 3549 τὸ
559 3494 745 3550 πολυεύτακτον

824 1869 984 1941 ἐπορεύεσθε.
1006 1866 1127 1924 0181111
1146 1888 1172 1938 4.
1228 1869 1256 1923 ἐν
1277 1871 1330 1925 τοῖς

824 1953 935 2020 νομίμοις
955 1956 1004 2005 τῶν
1026 1951 1230 2022 προσταγμάτων
1253 1951 1330 2003 αὐτοῦ

823 2033 984 2103 πορεύεσθαι.
1008 2049 1033 2103 3.
1081 2030 1203 2103 ἐπορεύθη
1227 2032 1263 2088 είς
1285 2034 1329 2085 τὸν

824 2113 991 2184 ὀφειλόμενον
1000 2116 1088 2167 τόπον.
1104 2125 1130 2182 5.
1160 2113 1195 2169 είς
1205 2114 1249 2166 τόν
1257 2113 1330 2184 άγιον

823 2198 902 2249 τόπον
921 2193 1053 2266 ἐπορεύθη.
1075 2192 1112 2248 ib.
1154 2195 1218 2265 πρὸς
1235 2195 1265 2247 τδ
1282 2216 1330 2248 πο-

823 2275 942 2348 ρεύεσθαι
961 2277 1082 2346 ύπηκόους
1099 2274 1169 2344 ἡμᾶς.
1195 2292 1237 2346 13.
1280 2274 1327 2328 'la-

825 2359 879 2421 κῶβ
894 2403 899 2414 .
912 2402 918 2413 .
932 2399 938 2412 .
950 2356 1070 2429 ε’πορεύθη
1084 2359 1148 2428 πρὸς
1162 2359 1260 2419 Λαβάν.
1280 2373 1326 2428 31.

824 2438 864 2494 ίνα
880 2440 1010 2510 πορευθείς
1024 2439 1059 2495 είς
1072 2436 1173 2511 Συρίαν.
1195 2436 1259 2513 Ign.
1275 2435 1329 2494 Ρο-

825 2518 877 2594 lyc.
896 2533 921 2592 7.
945 2520 1139 2588 καταξιοῦσθαιτ
1153 2524 1183 2573 ού
1193 2521 1228 2576 είς
1238 2521 1330 2591 Συρίαν

824 2601 987 2674 πορεύεσθαι.
1003 2603 1028 2658 8.
1060 2602 1116 2658 ε’ίιν.
1129 2647 1135 2658 .
1149 2601 1329 2673 ,πορευώμεθα

824 2684 852 2737 ε’ν
861 2687 916 2740 ταῖς
924 2684 1036 2740 ε’ντολοῖς
1046 2684 1130 2737 αὐτοῦ.
1147 2681 1242 2756 Polyc.
1254 2680 1326 2738 Phil.

828 2782 852 2820 2.
872 2764 1025 2836 πορεύεσθαι
1033 2766 1061 2818 ἐν
1073 2768 1104 2833 τῇ
1117 2764 1207 2833 ε’ντολῇ
1220 2768 1266 2818 τοῦ
1277 2772 1329 2818 Κυ.

824 2846 889 2918 ρίου.
900 2866 926 2915 4.
959 2848 1123 2917 πορευόμενοι
1136 2847 1197 2899 κατά
1210 2846 1255 2914 τὴν
1267 2845 1329 2915 άλη·

824 2927 893 2981 θειαν
909 2932 955 2981 τοῦ
969 2928 1071 2998 Κυρίου.
1088 2940 1113 2997 5.
1136 2929 1198 2995 μετὰ
1217 2928 1330 2996 σπονδῆς

825 3009 968 3080 ε’πορεύετο.
991 3006 1077 3064 Mam
1093 3005 1186 3082 Polyc.
1203 3008 1229 3064 8.

785 3093 891 3163 Πόρνος.
934 3095 993 3144 οὔτε
1013 3093 1110 3162 πόρνοι,
1133 3093 1191 3143 οὔτε
1212 3090 1329 3159 μαλακοί.

827 3170 921 3247 Polyc.
939 3169 1010 3227 Phil.
1028 3184 1053 3242 5.

785 3255 888 3326 Πόρρω.
925 3257 1013 3324 πόρρω
1026 3254 1134 3306 άπεστιν
1146 3251 1161 3320 ίη
1175 3250 1328 3318 δικαιοσύνη.

827 3332 916 3390 Clem.
933 3332 947 3388 Ι
965 3351 991 3406 3.
1036 3336 1129 3403 Πόρρω
1150 3332 1263 3403 γενίσθω
1283 3332 1329 3404 ἀφ’

825 3416 894 3484 ἡμῶν
907 3414 923 3483 ί
936 3414 1025 3487 γραφὴ
1038 3411 1111 3482 αὕτη.
1136 3429 1181 3484 23.
1220 3416 1328 3467 καταλα.

824 3499 881 3553 διᾶι
894 3499 981 3568 πόρρω
995 3495 1098 3551 ἑαυτοὺς
1110 3498 1247 3551 ποιοῦντες.
1271 3511 1317 3566 3ο,

239 3576 283 3643 τῆς
297 3577 360 3630 κατά
369 3575 551 3647 θεδνάγάπης.
570 3575 632 3651 Igu.
645 3575 741 3652 Magn.
784 3579 881 3633 Πόσος.
905 3577 1092 3650 πάσαδίούτῷ
1103 3576 1242 3646 ὀφείλομεν
1252 3575 1327 3640 ὅσιος

244 3673 256 3711 1

239 3820 267 3873 ίν
279 3819 382 3889 ὀνόματι
396 3824 470 3875 θεοῦ.
492 3818 555 3895 Igu.
573 3818 646 3895 Eph.
663 3838 686 3875 1.

826 3657 915 3715 Clem
931 3656 1006 3712 111.

199 3739 376 3809 Πολυπληρία.
411 3739 458 3807 την
479 3740 656 3810 πολυπληρίαν
677 3739 745 3809 ὑμῶν
784 3742 912 3807 Ποσότης.
953 3741 1071 3810 γινώσκει
1084 3737 1129 3806 τὴν
1141 3739 1272 3806 ποσότητα
1289 3739 1330 3791 καὶ

824 3821 870 3889 τὴν
882 3820 1006 3889 καλλονίην
1019 3820 1109 3874 αὐτῶν.
1131 3815 1220 3875 Olem.
1237 3816 1252 3872 Ι
1267 3833 1314 3890 35.

199 3900 294 3957 Πολύς.
335 3902 451 3959 πολλοὺς
468 3902 504 3958 είς
521 3902 628 3970 άθυμίαν
643 3903 743 3966 ἔβαλεν.
784 3905 898 3972 Πότερον
936 3901 1070 3970 δυνάμενος
1109 3901 1228 3971 γράφειν.
1264 3897 1327 3975 Igu

241 3979 330 4038 Clem.
346 3980 362 4037 I
378 3984 425 4053 46.
467 3985 579 4037 Πολλῶν
596 3982 641 4038 οὖν
658 3985 746 4037 πυλῶν

825 3979 910 4038 Ττοίί.
927 3999 954 4054 9.

239 4062 389 4138 άνεηνγυιῶν.
412 4065 458 4135 48.
504 4066 598 4120 πολλοὶ
618 4067 745 4130 βασιλεῖς.
785 4064 919 4135 Ποτίηριον.
951 4065 991 4118 καί
1009 4063 1036 4118 ἓν
1050 4061 1169 4133 πονίηριον
1186 4063 1222 4118 είς
1240 4061 1331 4117 ἕνωσιν

241 4156 287 4214 55.
338 4148 433 4200 πολλοὶ
456 4147 627 4218 ἐξεχώρησαν,
642 4167 662 4202 κ
679 4167 701 4200 τ.
717 4147 742 4198 λ.

238 4223 277 4280 ib.
313 4227 414 4296 πολλὴν
431 4229 535 4296 πλάνην.
557 4224 591 4282 ΙΙ
609 4245 632 4282 1.
669 4248 743 4280 κατα·

240 4309 365 4362 πλίουσιν
390 4309 494 4364 πολλοί.
520 4319 546 4381 7.
609 4311 633 4363 ol
659 4309 746 4362 πολλά

825 4149 871 4199 τοῦ
884 4143 987 4214 αίμοτος
999 4146 1084 4199 αὐτοῦ.
1107 4141 1170 4218 Ign.
1183 4139 1290 4200 Phila&
1302 4166 1328 4215 4.

826 4227 854 4281 ε’ν
872 4230 908 4301 τῷ
929 4228 1042 4301 ποτηρίῳ
1065 4230 1110 4280 τοῦ
1133 4230 1245 4296 Χριστοῦ
1268 4248 1328 4283 σου.

826 4305 912 4364 Mart.
929 4306 1023 4383 Polyc.
1039 4324 1082 4376 14.

241 4390 415 4445 κοπιάσαντες.
437 4386 473 4444 ib.
516 4395 568 4444 τῶν
582 4392 744 4446 πολλῶν...
785 4394 878 4444 Ποτόν.
913 4391 943 4443 ού
960 4391 1010 4461 γάρ
1027 4389 1169 4459 βρωμάτων
1188 4389 1227 4441 καί
1246 4392 1331 4442 ποτῶν

241 4469 363 4542 διωγμῶν.
386 4467 471 4526 Mart.
488 4469 551 4546 Ign.
568 4487 592 4527 1.

827 4472 893 4526 εἰσιν
905 4472 1023 4525 διάκονοι.
1044 4468 1108 4545 Ign.
1123 4466 1210 4524 Trall.
1228 4487 1256 4524 ο.

200 4549 355 4619 Πολυτελίης.
403 4553 535 4624 τιμιώτερα
561 4553 641 4608 λίθων
663 4554 744 4608 πολυ-
786 4551 862 4609 Πούς.
913 4552 929 4621 ἡ
953 4553 1053 4623 κεφαλὴ
1080 4552 1140 4622 δίχα
1163 4555 1213 4605 τῶν
1235 4550 1329 4606 ποδῶν.

239 4632 329 4687 τελῶν.
352 4629 437 4689 Mart.
454 4631 548 4707 Polyc.
564 4636 608 4690 18.

200 4715 384 4784 Πολυχρόνιος.
426 4715 467 4768 διὰ
497 4715 543 4783 τὴν
575 4718 746 4786 πολυχρόνιον

239 4798 290 4885 τῶν
302 4799 382 4849 κακῶν
395 4794 534 4864 συνήθειαν.
559 4793 647 4852 Olem.
660 4794 743 4871 Fmg.

240 4891 269 4930 vl

200 4958 275 5025 Πόμο
289 4960 356 5010 θεοῦ
369 4956 444 5012 θελω.
466 4955 531 5033 Ign.
547 4955 630 5014 Rom.
647 4969 673 5029 7.

200 5039 322 5108 Πονηρός.
368 5040 430 5092 κατὰ
453 5039 499 5096 τάς
520 5039 649 5108 ἐπιθυμίας
669 5039 747 5093 αὐτοῦ

240 5120 286 5174 τὰς
304 5121 421 5190 πονηράς.
444 5117 532 5176 (318111
556 5118 572 5175 Ι
594 5139 620 5193 3.
670 5120 747 5188 ε’ντῇ

240 5201 316 5270 σαρκί
337 5199 353 5253 δ
375 5200 517 5272 ἐπράξαμεν
536 5203 642 5274 πονηρά.
664 5198 698 5256 Π
718 5201 745 5255 8.

240 5281 309 5355 δόλῳ
326 5285 427 5356 πονηρῷ
445 5284 475 5337 τό
494 5282 572 5353 ὄνομα
588 5283 745 5356 περιφίρειν.

241 5358 304 5438 Igu
329 5359 401 5437 Eph.
426 5374 451 5436 7.
502 5363 533 5417 '0
562 5364 590 5419 δί
618 5365 748 5434 άντίζηλος

827 4631 915 4690 Clem.
937 4632 952 4688 I
973 4647 1020 4705 37.
1063 4634 1104 4687 καί
1126 4634 1156 4686 τὸ
1180 4632 1223 4686 ε’πί
1247 4632 1331 4686 ποδῶν

826 4715 859 4784 μὴ
885 4716 997 4769 ἑστάναι.
1027 4712 1141 4790 Fragm.
1160 4711 1219 4769 viii
1282 4713 1331 4768 ὑπὸ

826 4796 885 4852 τοὺς
910 4797 991 4852 πόδας
1017 4801 1068 4850 τῶν
1093 4797 1168 4849 αὐτὸν
1194 4796 1221 4849 ἐν
1243 4792 1332 4865 καρδία

826 4875 982 4949 φορούντων.
1004 4875 1090 4933 Mart.
1106 4875 1170 4951 Igu.
1189 4894 1213 4931 2.

786 4960 903 5030 Πρᾶγμα.
934 4962 984 5012 τῶν
997 4958 1194 5027 ἐπιζητουμένων
1205 4955 1264 5027 παρ’
1274 4958 1332 5025 ύμίν

826 5039 986 5110 πραγμάτων.
1018 5036 1107 5095 Clem.
1134 5037 1150 5094 Ῑ
1175 5057 1198 5095 1.
1259 5037 1332 5093 Ἐπεί

827 5118 872 5174 οὖν
887 5120 962 5176 τέλος
979 5121 1011 5174 τά
1028 5122 1164 5192 πράγματα
1181 5121 1244 5192 ἔχει.
1266 5116 1330 5195 Igu.

828 5199 925 5278 Magn.
942 5212 968 5273 5.
999 5203 1023 5255 οί
1043 5202 1198 5260 ε’νπολιιιοίι·
1214 5202 1331 5273 πράγμα·

828 5305 872 5338 σιν
904 5282 1117 5354 άναστραφίντες.
1143 5301 1171 5357 9.
1234 5282 1333 5353 Ἐφάτη

827 5363 1144 5438 μοναύνάξιονιτρᾶγμα.
1164 5362 1330 5440 Smynm.
