3250 6617
568 1114 622 1177 ΕΤ
645 1112 982 1177 FORMULARUM.
1306 1114 1346 1172 25

246 1291 374 1360 συνδήσας
388 1291 507 1362 σιδηροῖς.
527 1308 551 1345 2.
593 1291 699 1361 μαθηταὶ
712 1296 758 1346 τοῦ
796 1290 929 1346 Ἀπόλεια
963 1291 1117 1358 θεασάμενος
1135 1290 1162 1342 ἐν
1179 1288 1237 1358 ήμῖν
1249 1289 1349 1357 πολλήν

249 1367 347 1450 [όγίου]
384 1372 531 1427 ἀποστόλου
566 1371 690 1428 Ἰωάννου.
729 1391 754 1445 3.
837 1375 935 1440 πλάνην
947 1373 987 1426 καὶ
1000 1370 1133 1426 ἀπώλειαν.
1150 1367 1239 1426 Clem.
1256 1366 1287 1424 Π
1305 1387 1328 1424 1.

246 1454 299 1507 κατ’
318 1451 403 1524 ίχνος.
418 1457 502 1509 ..τοῦ
519 1453 668 1508 ἀποστόλου
686 1454 755 1509 Ποῦ·
795 1452 902 1525 Ἀργεῖν.
948 1451 1100 1524 ἀργήσωμεν
1119 1451 1170 1507 ἀπδ
1189 1453 1234 1520 τῆς
1257 1451 1350 1525 ἀγαθο-

245 1537 300 1590 λου.
326 1546 351 1605 5.
395 1537 444 1589 σὺν
463 1538 516 1591 τοῖς
539 1534 695 1592 ἀποστόλοις
717 1538 756 1590 καῖ
836 1536 936 1604 ποιίας;
959 1532 1141 1606 (110111133.

245 1619 310 1671 πᾶσι
330 1615 434 1672 δικαίοις
452 1617 647 1689 ἀγολλιάμενος.
669 1614 754 1674 Mart.
797 1616 896 1688 Ἀργός.
928 1617 962 1686 μή
976 1616 1069 1689 ἀργοὺς
1083 1659 1089 1670 .
1106 1659 1112 1670 .
1129 1658 1135 1669 .
1152 1615 1193 1669 ἐπὶ
1211 1616 1262 1670 πάν
1274 1615 1350 1686 ἔργον

246 1695 339 1771 Polyc.
361 1714 403 1769 19.
837 1697 938 1769 ἀγαθόν.
956 1694 1139 1768 Clem.134.

202 1777 354 1849 Ἀποσῦρειν.
409 1779 567 1849 ἀποσυρήναι
594 1781 624 1833 τά
645 1779 756 1850 ἀντικνή-
791 1777 927 1851 Ἀργυρος.
970 1782 1188 1850 προσκυνοῦντες.
1206 1821 1212 1831 .
1229 1821 1235 1832 .
1251 1777 1351 1848 χρυσδν

244 1881 308 1928 μιαν.
326 1858 411 1916 Mart.
428 1857 522 1935 Polyc.
539 1860 565 1914 8.
837 1863 878 1915 καὶ
894 1861 1011 1933 ἀργυρον.
1031 1858 1119 1917 clem.
1140 1858 1172 1915 ΙΙ
1191 1877 1213 1915 1.
1269 1858 1348 1930 άργν·

203 1939 366 2008 Ἀποσάξειν.
408 1943 473 2013 πρὸς
490 1942 535 1995 τάν
550 1944 596 1994 τοῦ
614 1938 676 1996 εῖναι
693 1943 756 2013 ήμάς
836 1964 882 2013 ρος
903 1941 930 1995 ἐν
952 1942 1046 2017 καμίνῳ
1067 1940 1228 2014 πυρούμενος.
1262 1938 1348 1997 Mart.

245 2021 324 2077 σίτων
350 2022 492 2090 ἀποσώζειν
517 2022 635 2094 στοργήν,
665 2021 753 2080 Clem.
839 2020 933 2097 Polyc.
954 2037 997 2095 15.

246 2101 358 2179 Fmgm.
374 2100 391 2159 ἱ.
798 2103 937 2177 Ἀρέσκειν
979 2106 1041 2158 κατά
1059 2106 1140 2159 πάντα
1158 2109 1253 2176 τρόπον
1272 2107 1352 2160 πᾶσιν

203 2185 422 2241 Ἀποτάσσεσθαι.
445 2185 536 2242 ἐκεῖνος
549 2185 577 2239 δέ
599 2186 682 2252 (αίάιν)
699 2186 756 2242 τοῦ·
837 2185 961 2258 ἀρέσκειν.
978 2184 1039 2260 Ign.
1056 2183 1141 2241 Trall.
1159 2204 1184 2240 2.
1224 2190 1280 2260 θεῷ
1293 2185 1350 2257 ἀρί-

244 2290 296 2323 τοις
330 2267 512 2321 ἀποτάσσεται.
549 2263 637 2323 Clem.
668 2265 700 2323 Π
729 2269 754 2323 6.
840 2289 891 2332 σαι,
911 2269 1001 2337 ὥσπερ
1019 2269 1059 2321 καὶ
1077 2267 1204 2338 ἀρίσκετε.
1222 2265 1304 2322 Rom.
1324 2284 1348 2321 2.

245 2348 284 2402 δεῖ
301 2350 329 2402 δέ
355 2349 420 2416 ήμάς
442 2347 523 2422 τοῦτηι
544 2348 758 2419 ἀποταξαμίνους.
838 2345 1004 2422 ’Λρέσκετεηῖ
1018 2348 1198 2419 στρατεῦεσθε.
1211 2346 1305 2422 Polyc.
1323 2348 1349 2403 6.

245 2427 282 2484 ib.
325 2429 513 2498 ἀποταξάμενος
541 2434 576 2504 τῷ
600 2433 658 2506 βίῳ.
677 2430 755 2507 [gn.
837 2430 915 2499 μηδάν
931 2429 1124 2498 ἀνεπιτήδευτον
1143 2430 1211 2500 ἔχειν
1226 2434 1277 2484 τιῦν
1294 2430 1353 2501 ἀρε·

246 2508 354 2567 Ρ1111οά.
375 2528 419 2566 11.
839 2513 952 2565 σκόντων
965 2515 1028 2585 θεῷ.
1045 2509 1159 2586 Fragm.
1175 2509 1222 2566 vii.

203 2593 368 2647 Ἀποτιθένοι.
421 2593 571 2662 ἀποθέμενοι
590 2597 676 2649 πᾶσαν
695 2597 757 2651 ἀλα-
797 2590 888 2664 Ἀρετή.
921 2594 961 2646 καῖ
975 2592 1102 2660 διώξωμεν
1119 2595 1219 2662 μᾶλλον
1235 2594 1281 2661 τήν
1292 2593 1350 2665 ἀρε

246 2675 347 2742 fovetur.
378 2672 466 2730 Clem.
497 2673 512 2730 Ι
544 2693 587 2748 13·
650 2677 758 2733 ἀπέθετο
837 2672 1044 2742 τήν.01ςιο.ΙΙ
1063 2691 1106 2728 10.

245 2757 322 2812 αάτδς
338 2756 374 2812 εές
391 2756 437 2825 τήν
455 2756 555 2826 σκηνήν.
573 2775 618 2830 43.
665 2759 758 2814 ἀποθί-
797 2754 923 2826 Ἀριθμάς.
966 2759 1010 2809 τὸν
1029 2755 1135 2826 ἀριθμὸν
1157 2761 1207 2810 τῶν
1229 2757 1352 2810 ἐκλεκτῶν

244 2837 406 2906 μενοιτήν..
422 2840 482 2907 ,τῆς
495 2841 618 2911 γλώσσης
631 2841 700 2910 ὑμῶν
713 2843 756 2895 αά-
839 2838 923 2892 αὐτοῦ.
950 2835 1039 2894 Clem.
1063 2835 1078 2892 I
1103 2855 1126 2892 ω.
1173 2837 1301 2908 εὖρεθήναι
1325 2838 1353 2891 ἐν

246 2918 354 2973 θάδειαν.
370 2932 416 2990 57.
467 2919 617 2989 ἀποθέμενοι
642 2922 758 2977 ἐκεῖνοδ
838 2922 874 2993 up
891 2919 988 2994 ἀριθμῷ
1006 2925 1056 2974 τῶν
1074 2921 1247 2989 ὑπομενόντων
1266 2920 1350 2973 αῦτόν.

244 3000 404 3072 περικείμεθα
425 3000 509 3072 νέφος.
531 2999 563 3056 Π
587 3020 609 3057 1.
666 3004 758 3059 ἀποθέ-
839 3014 886 3071 35.
929 3001 1004 3072 με’ρος
1025 3001 1052 3055 ἐν
1071 3001 1168 3076 ἀριθμῷ
1189 3007 1239 3055 τῶν
1257 3000 1352 3073 μαρτῦ-

244 3103 317 3149 μενος
351 3083 431 3156 ἐαυτῷ
471 3088 553 3138 πάντα
592 3087 624 3138 τὰ
665 3087 756 3155 ἱμάτια.
838 3104 891 3153 ρων
904 3105 961 3137 σου.
978 3080 1063 3140 Mart.
1080 3081 1173 3157 Polyc.
1194 3101 1237 3152 14.

246 3160 331 3220 Mart.
371 3160 465 3238 Polyc.
510 3181 552 3236 13.
616 3165 759 3235 ἀπεθέμεθα
796 3163 903 3236 ’ἀρκεῖνΙ
947 3167 1000 3220 τοῖς
1020 3165 1134 3235 ἐφοδίοις
1154 3168 1199 3219 τοῦ
1220 3169 1287 3219 θεοῦ
1304 3165 1350 3236 ἀρ-

245 3244 309 3300 ἀπου
323 3247 362 3299 καὶ
375 3245 514 3299 ἀκόλουθον
526 3244 563 3313 ήν.
584 3247 627 3301 18.
839 3244 960 3312 κοῦμενοι.
980 3243 1069 3302 (110111.
1090 3244 1106 3300 Ι
1125 3264 1147 3301 1.
1212 3248 1251 3303 τίς
1271 3247 1350 3318 ἀρκεῖ,

203 3325 350 3393 Ἀπότομος.
406 3327 440 3394 μή
466 3325 588 3395 ἀπότομοι
615 3328 642 3380 ἐν
665 3328 755 3397 κρίσει.
838 3327 872 3381 ἀις
886 3328 943 3389 ἔδει,
958 3329 1037 3383 εἰπεῖν
1044 3352 1053 3389 ,·
1075 3347 1124 3400 49.
1166 3331 1219 3384 τοῖς
1232 3328 1352 3397 συμβίοις

246 3403 340 3480 Polyc.
357 3403 428 3460 Phil.
446 3406 472 3460 6.
839 3406 970 3476 ἀρκεῖσθαι
988 3410 1063 3478 σαρκί
1083 3411 1123 3462 καὶ
1142 3407 1269 3477 πνεύματι,
1286 3407 1349 3483 Igu.

204 3484 408 3558 Ἀποτνγχάνειν.
476 3489 507 3540 Ol
534 3489 561 3541 δι’
588 3487 757 3561 ἀποτυχόντες
839 3484 933 3562 Polyc.
951 3503 978 3559 5.

244 3571 290 3621 τοῦ
302 3570 396 3622 πεῖσαι.
414 3565 499 3624 Mart.
517 3566 611 3643 Polyc.
629 3571 655 3625 8.
793 3566 885 3639 Ἀρμα
928 3573 960 3624 τά
975 3593 1003 3624 τε
1017 3572 1114 3640 ἅρματα
1134 3572 1174 3625 καὶ
1188 3573 1212 3624 οί
1229 3571 1352 3635 ἀναβάται

204 3647 413 3719 Ἀποφαίνεσθαι.
467 3651 753 3723 Τραῖιινάςάπεφήνατο.
837 3651 925 3705 αῦτῶν.
943 3649 1031 3707 Clem.
1048 3650 1064 3706 I
1079 3664 1124 3724 51.

245 3728 330 3787 Man.
348 3728 409 3804 Igu.
428 3747 452 3785 2.
795 3729 932 3802 Ἀρμόξειν.
974 3736 1006 3787 τά
1026 3736 1090 3805 πρὸς
1109 3736 1154 3803 τὴν
1172 3735 1254 3805 πυράν
1274 3733 1350 3806 ήρμο

204 3811 357 3884 Ἀπόφααις.
387 3814 455 3880 οίτή
472 3812 610 3883 δεσποτικῇ
623 3814 754 3887 ἀποφάσει
837 3814 917 3881 σμένα
930 3814 1031 3887 ὄργανα.
1048 3813 1134 3872 Mart.
1151 3812 1245 3889 Polyc.
1265 3833 1309 3887 13.

244 3895 407 3965 χρησάμενοι.
437 3893 499 3968 Igu.
530 3892 644 3971 Fragm.
670 3894 688 3952 i.
741 3901 755 3952 ὁ
795 3893 946 3966 Ἀρνεῖσθαι.
997 3898 1027 3950 τδ
1053 3897 1087 3965 μή
1114 3897 1245 3968 ἀρνεῖσθαι
1267 3897 1298 3951 δι’
1320 3897 1350 3951 οῦ

244 3977 316 4047 ἀγιος
338 3976 434 4046 μάρτυς
457 3975 601 4034 ἐπακούσας
622 3980 666 4046 τής
692 3980 755 4034 ἀπο
837 3978 948 4049 ἔγνωμεν
970 3979 1052 4033 αὐτόν.
1080 3976 1169 4034 Clem.
1191 3976 1224 4033 Π
1239 3996 1265 4050 3.
1322 3980 1352 4033 ὅς’

244 4059 356 4128 φάσεως.
374 4054 459 4113 Mart.
476 4056 539 4132 Ign.
557 4075 581 4112 2.
838 4081 903 4115 τινες
932 4059 1070 4129 ἀρνοῦνται.
1109 4058 1172 4136 Ign.
1198 4057 1295 4136 Magn.
1323 4079 1348 4133 9.

202 4137 401 4209 ’ἀποφέρεσθαι
454 4141 495 4193 καὶ
509 4142 633 4210 βρειθεῖον
643 4140 755 4214 άναντίρ-
832 4140 883 4194 ’ον
918 4163 984 4197 τινες
1023 4141 1172 4214 ἀγνοοῦντες
1208 4141 1350 4212 ἀρνοῦνται,

243 4241 320 4291 ρητον
345 4219 548 4293 ἀπενηνεγμένον.
586 4219 671 4280 Mart.
702 4222 757 4281 Po·
836 4224 936 4291 μᾶλλον
962 4222 989 4276 δέ
1025 4221 1168 4295 ἠρνήθησαν
1194 4223 1236 4278 ὑπ’
1264 4225 1348 4278 αι’ντοῦ.

244 4298 297 4375 lyc.
317 4312 360 4373 17.
838 4301 951 4377 Smym.
982 4318 1007 4374 5.
1077 4306 1175 4360 ἔπειθεν
1211 4305 1348 4377 ἀρνεῖσθαι.

203 4381 369 4455 Ἀπροσδεής.
397 4381 572 4454 Ἀπροσδεής.
587 4427 592 4439 .
605 4388 639 4440 ,ό
655 4389 757 4443 Δεσπό-
839 4383 924 4442 Mart.
942 4383 1036 4462 Polyc.
1052 4403 1077 4459 9.

245 4486 291 4533 της
310 4465 419 4535 ῦπάρχει
442 4469 493 4518 τῶν
515 4467 638 4521 ἁπάντων.
666 4465 755 4524 Clem.
792 4465 923 4539 Ἀρνησις.
966 4468 1001 4525 εἷς
1021 4469 1125 4540 ἀρνησιν
1145 4468 1236 4524 αὐτοὺς
1254 4467 1347 4540 τράφη.

245 4542 261 4600 Ι
277 4558 323 4617 5ο.
840 4546 926 4605 Mart.
943 4547 1037 4623 Polyc.
1056 4566 1080 4604 2.

203 4626 395 4699 Ἀπροσκόπως.
437 4628 482 4695 τήν
499 4630 658 4700 λειτουργίαν
674 4631 757 4685 αὐτῶν
795 4628 935 4700 Ἀρραβῶν.
970 4635 1006 4704 τῷ
1019 4630 1147 4701 ἀρραβῶνι
1160 4633 1205 4700 τῆς
1222 4628 1350 4685 δικαιασῦ·

243 4708 415 4781 ἀπροσκόπως
452 4711 617 4765 ἐπιτελοῦσιν.
663 4707 753 4767 Clem.
837 4732 879 4778 νης
892 4710 967 4779 ήμῶν.
984 4709 1077 4785 Polyc.
1094 4708 1165 4765 Phil.
1183 4713 1209 4767 8.

245 4787 323 4846 120.
795 4790 992 4863 Ἀροενοκοίτης.
1035 4795 1093 4846 οὔτε
1112 4791 1286 4863 ἀρσενοκοῖται
1301 4794 1349 4855 βα-

202 4870 467 4942 Ἀπροσωπολήπτως
512 4871 757 4943 ἀπροσωπολήπτως
838 4871 937 4927 σιλείον
947 4877 1015 4928 θεοῦ
1025 4872 1253 4945 κληρονομήσουσι.
1297 4870 1350 4929 Ρο-

243 4955 293 5025 γάρ
306 4955 387 5008 πάντα
400 4954 515 5007 ἐποιεῖτε.
533 4948 621 5008 Clem.
638 4952 653 5008 I
671 4971 694 5009 1.
837 4951 890 5021 lyc.
905 4951 977 5010 Phil.
994 4967 1020 5026 5.

197 5034 348 5091 Ἀπτισθαι.
405 5039 478 5088 τινῶν
508 5034 678 5103 δειλαινόμενα
707 5037 756 5108 οὐχ
790 5033 899 5108 Ἀραην.
943 5038 973 5090 τδ
992 5037 1072 5108 ἀρσεν
1091 5037 1153 5105 μετὰ
1174 5037 1218 5103 τής
1238 5034 1347 5104 θηλείας,

241 5118 350 5187 ήψαντο.
367 5114 430 5192 Igu.
447 5112 530 5169 Rom.
547 5129 572 5185 5.
618 5119 665 5170 Καὶ
681 5117 755 5174 εὐθὺς
835 5121 894 5172 οὕτε
916 5118 996 5189 άρσεν
1017 5121 1074 5172 οὔτε
1102 5117 1174 5187 θήλυ.
1201 5114 1290 5174 Clem.
1314 5115 1348 5173 Π

241 5199 318 5253 αὐτοῦ
339 5198 448 5271 ἥψαντο.
473 5194 586 5271 Smym
605 5213 630 5270 3.
683 5198 756 5256 ὅστις
839 5217 873 5255 12
889 5196 938 5257 ἀίε.

215 5322 218 5327 ,
241 5281 330 5350 τάχιον
354 5283 400 5335 τοῦ
423 5279 523 5352 χρωτός
548 5279 625 5333 αὐτοῦ
647 5279 752 5352 ἅψηται.
794 5281 922 5355 Ἀρτηρία.
964 5281 1041 5353 με’χρι
1055 5282 1171 5336 τῶνέσω
1187 5285 1296 5355 φλεβῶν
1309 5287 1350 5338 καῖ

242 5357 327 5418 Mart.
345 5358 440 5437 Polyc.
459 5377 503 5431 13.
807 5408 810 5412 ,
836 5363 966 5436 ἀρτηριῶν.
981 5360 1067 5420 Mart.
1084 5360 1178 5438 Polyc.
1196 5381 1228 5420 ς..
