3250 6617
549 1064 609 1127 Al)
633 1063 917 1142 CORINTHIOS,
939 1064 960 1127 i.
1266 1068 1286 1128 5

239 1234 369 1310 ulesioe
399 1235 481 1324 Dei,
511 1263 605 1336 quae
639 1236 809 1314 Corinthi
841 1236 1106 1337 peregrinatur,
1136 1237 1284 1324 vocatis,

241 1351 476 1426 sanctificetis
505 1352 697 1427 voluntate
723 1352 871 1440 Divina,
900 1380 966 1452 per
992 1352 1193 1427 Dominum
1222 1381 1286 1427 no·

242 1478 360 1543 strum
384 1469 515 1544 «Iesum
540 1470 755 1546 Christum:
793 1469 924 1545 Gratia
948 1469 1052 1544 vobis
1077 1479 1117 1544 et
1140 1497 1215 1570 pax
1240 1471 1287 1546 ab

243 1587 493 1687 omnipotente
523 1587 603 1661 Deo
632 1614 699 1686 per
726 1586 752 1661 J
754 1614 857 1661 esum
887 1587 1077 1663 Christum
1110 1587 1287 1688 multipli-

243 1713 356 1778 cetur.

294 1821 325 1895 Ι.
351 1820 507 1920 Propter
531 1819 672 1894 subitos
701 1847 743 1894 ac
772 1820 842 1895 sibi
868 1820 1025 1895 invicem
1053 1820 1287 1896 succedentes

243 1937 469 2012 calamitates
503 1947 542 2012 et
575 1964 679 2012 casus
712 1938 894 2024 adversos,
920 1937 985 2038 qui
1013 1936 1118 2012 nobis
1151 1939 1287 2013 accide-

242 2135 316 2190 ἵλεος
337 2150 451 2209 quoque
474 2137 644 2208 apprecatur
667 2129 744 2208 Apo-
784 2131 891 2190 vullier.
926 2131 971 2190 De
984 2129 1119 2190 hscvoce
1132 2130 1291 2191 audiendus

243 2213 340 2271 stolus
394 2212 513 2290 Optimo
546 2213 612 2289 jure
647 2220 744 2271 monet
785 2213 1014 2272 cl.Hennonnus
1034 2212 1071 2270 ud
1090 2211 1292 2290 SophoclAn·

243 2294 399 2353 Wottonus
415 2294 595 2366 sententium,
608 2313 745 2372 quocum-
785 2296 837 2372 ug.
854 2308 901 2369 57.
945 2294 1084 2370 ‘Propria
1103 2294 1184 2352 verbi
1203 2294 1291 2372 signi-

244 2395 300 2453 que
317 2375 403 2434 modo
419 2376 540 2454 legatur,
554 2395 620 2434 cum
635 2378 747 2447 πλήθυυ-
787 2375 904 2435 ‘ficatio
937 2395 971 2435 co
1001 2375 1127 2453 postulat
1155 2375 1291 2454 intelligi,

245 2457 298 2528 θείη
318 2456 419 2515 claudi.
463 2457 584 2530 Oocteri,
600 2476 690 2534 usque
710 2457 747 2515 od
787 2462 882 2536 ‘quos
909 2457 964 2517 sibi
993 2457 1116 2515 invicem
1144 2457 1289 2516 accedunt

244 2537 436 2604 Gallundium,
464 2538 553 2597 Junio
584 2546 747 2615 praeeunte,
788 2539 924 2598 ‘Primus
943 2539 1063 2597 fortusse
1082 2558 1150 2596 usus
1175 2546 1219 2598 est
1238 2538 1292 2597 hsc

243 2620 344 2697 legunt
361 2622 575 2691 ...πληθυνθείη
594 2616 649 2700 [ἐφ’
663 2616 749 2700 {apoc
788 2625 880 2679 ‘voce
912 2618 1073 2696 Sophocles.
1117 2619 1204 2678 Unde
1233 2639 1291 2678 non

244 2702 322 2760 ίδίους
345 2705 385 2758 καλ
412 2702 451 2758 ἐπ’
474 2703 603 2773 ἀλλήλους
677 2701 749 2759 odeo
789 2703 925 2775 ‘mirum
946 2703 978 2773 si,
998 2709 1032 2760 ut
1055 2701 1148 2760 solent
1174 2701 1291 2774 ruriors,

244 2789 278 2840 ut
309 2781 391 2841 finito
421 2782 592 2841 salutatione
619 2783 748 2859 Epistola
789 2783 1016 2843 ‘recentioribus
1028 2783 1144 2841 demum
1161 2782 1292 2860 frequen-

244 2863 363 2942 inoipiat
376 2883 442 2923 cum
456 2868 504 2920 nul
516 2864 746 2939 γενομέναςκπλ.
789 2866 867 2924 ‘tari
893 2873 995 2943 coepta
1022 2872 1073 2938 est,
1092 2865 1232 2923 ucnslota
1254 2864 1291 2922 ad

288 2947 313 3002 6.
341 2941 402 3025 [Διὰ
427 2942 484 3026 τὰς]
517 2942 670 3039 αἰφνιδίως]
701 2945 748 3003 Ad
790 2947 941 3005 ‘crebram
954 2945 1154 3007 iterationem)
1185 2946 1291 3004 Exem-

244 3026 318 3085 hanc
330 3026 491 3099 lectionem,
503 3027 691 3104 proculdubio
700 3046 748 3085 ve-
788 3028 837 3106 pls
847 3028 928 3087 dabit
937 3027 1105 3101 Iobeokius,
1117 3028 1289 3104 Paralipom.

245 3128 316 3180 rem,
326 3128 412 3186 quum
422 3108 554 3186 proxime
563 3107 749 3185 conjectando
790 3109 840 3169 Gr.
866 3109 916 3169 Gr.
946 3131 974 3187 p.
1001 3123 1068 3184 471.
1116 3109 1157 3168 Oi
1185 3108 1287 3168 Euseb.

245 3190 363 3248 accessit
376 3195 391 3246 ὀ
404 3193 470 3246 πάνυ
484 3188 747 3262 Peamonus,Vinu
790 3192 829 3250 H.
846 3193 881 3249 E.
904 3192 914 3249 i
937 3195 964 3265 8,
988 3196 1043 3251 mir
1069 3194 1132 3248 κατὰ
1158 3195 1203 3248 τὸν
1222 3189 1291 3248 cinon

247 3270 342 3348 Ignat.
371 3271 448 3330 Part.
473 3271 494 3329 ii
522 3290 581 3348 cup.
608 3291 635 3346 3,
669 3272 750 3348 cujus
789 3275 945 3345 ἐπαλλήλως
971 3273 1105 3346 ἢμαῦρασε
1133 3275 1288 3347 συμφοραῖς.

247 3353 447 3429 conjecturam,
463 3372 481 3409 a
502 3351 662 3411 Oolomesio
682 3373 748 3429 pro·
789 3353 911 3432 Longin.
940 3355 976 3414 de
1011 3354 1089 3412 Subl.
1118 3375 1160 3411 xx
1188 3373 1216 3428 3,
1245 3357 1291 3426 τήν

246 3433 351 3506 batam,
379 3433 410 3491 in
440 3441 609 3493 contextum
642 3434 750 3510 recepit
790 3438 901 3494 διάνοιαν
926 3444 976 3493 τῶν
1003 3438 1128 3492 δικαστῶν
1153 3441 1184 3507 πῇ
1212 3438 1290 3492 ἔπαλ-

247 3515 409 3575 Wottonus.
443 3515 558 3575 Literue
572 3522 669 3575 autem
682 3515 748 3574 illae
787 3518 860 3594 λήλῳ
878 3519 982 3589 πλήττει
995 3521 1072 3590 φορᾷ.
1113 3516 1291 3576 Adverbium

246 3597 318 3655 duae
336 3597 382 3656 vel
398 3604 466 3669 tres,
479 3617 558 3675 quae,
572 3597 677 3656 domno
695 3597 749 3655 hoc
789 3599 940 3670 ἐπαλλήλως
962 3598 993 3656 in
1016 3598 1108 3675 Epist.
1130 3599 1231 3657 Vienn.
1261 3605 1292 3658 ot

247 3678 277 3735 in
302 3678 365 3737 loco
387 3678 487 3738 Oodici
508 3679 595 3738 MSto
616 3698 683 3737 casu
702 3678 748 3737 vel
789 3679 882 3757 Lugd
903 3681 961 3757 56,
982 3678 1080 3738 Routh
1098 3680 1189 3757 Reliq.
1212 3680 1291 3739 Socr.

247 3766 389 3819 vetustate
397 3760 525 3832 illatore
538 3761 589 3819 vix
602 3760 749 3838 dignosce·
789 3760 799 3818 i
820 3780 886 3836 30²·

247 3861 279 3900 re
299 3842 425 3918 potuisse
445 3850 562 3920 questus
582 3848 626 3900 est
647 3842 750 3901 Editor
819 3856 845 3917 7.
857 3843 995 3915 συμφορίιυ
1007 3845 1047 3898 καί
1066 3838 1286 3922 [vedommu]

248 3922 499 4001 Cantabrigiensis,
525 3923 596 3981 mihi
630 3923 750 3999 saepius,
791 3923 837 3982 De
863 3931 994 3999 tempore
1020 3923 1123 3980 hurum
1147 3922 1291 3982 columita-

248 4011 278 4062 et
297 4024 409 4062 summo
428 4024 486 4082 qua
504 4004 586 4081 potui
606 4024 681 4077 curo,
697 4004 752 4063 (lo-
792 4014 863 4076 tum,
888 4003 957 4063 satis
983 4004 1021 4063 sit
1045 4025 1082 4064 ex
1105 4024 1206 4064 acervo
1228 4023 1292 4063 son-

248 4084 340 4144 dicem
363 4085 534 4162 inspicienti,
555 4086 644 4145 oculis
667 4086 752 4144 nudis
791 4086 948 4146 tertiorum
972 4087 1082 4144 oriris
1107 4085 1200 4145 doctis
1226 4106 1292 4164 pro·

249 4175 279 4226 et
305 4167 431 4240 armatis,
459 4167 607 4227 manifeste
634 4167 750 4227 tandem
791 4169 915 4228 latarum
934 4169 1085 4226 nonnullas
1105 4167 1231 4227 breviter
1247 4187 1292 4226 re-

248 4248 325 4307 visae
339 4257 462 4308 suntsl
476 4259 517 4314 o,·
538 4257 567 4308 et
580 4249 752 4308 certisssime
793 4269 913 4309 censere.
956 4249 996 4308 Et
1023 4251 1147 4326 primum
1175 4249 1291 4326 quidem

249 4329 319 4389 Coc
335 4330 397 4389 MS.
412 4338 505 4390 totum
518 4350 617 4389 vocem
631 4341 753 4388 ΑΙΦΝΗ-
792 4332 879 4390 falsus
892 4339 936 4390 est
950 4330 1121 4390 Guilielmus
1135 4331 1247 4389 Burtcn
1260 4331 1291 4387 in

249 4422 346 4468 ΔΙοΥΣ
365 4431 456 4489 usquo
475 4411 567 4471 adhuc
587 4411 712 4484 exhibet,
727 4423 751 4468 Η
792 4433 827 4471 eo
854 4413 931 4490 quod
959 4413 1105 4489 putaverit
1130 4412 1292 4470 universam

247 4504 330 4570 prol
352 4493 454 4571 posito,
468 4513 541 4571 quoe
560 4495 676 4572 quidem
696 4493 751 4552 fre·
792 4493 1004 4573 Antiquitotem
1026 4495 1063 4552 de
1085 4501 1215 4570 tempore
1236 4514 1293 4570 quo

248 4595 337 4651 quens
350 4583 394 4634 est
407 4576 536 4634 mutatio.
570 4576 671 4653 Neque
685 4595 753 4634 vero
792 4575 861 4634 haec
901 4577 1008 4653 scripta
1042 4575 1129 4634 fuerit
1163 4575 1295 4652 Epistola

248 4675 314 4715 cusu
331 4665 382 4716 out
395 4663 526 4733 tempore
540 4663 656 4716 tontum
675 4657 753 4715 labo
792 4676 908 4734 prorsus
920 4657 1062 4730 tacuisse,
1079 4657 1202 4733 scriptor
1216 4656 1292 4714 enim

247 4745 293 4796 rat
314 4737 413 4796 Codex
433 4738 651 4797 Alexandrinus.
695 4738 753 4796 Hic
793 4738 922 4797 omnium
948 4738 1170 4816 antiquissimus,
1197 4738 1293 4813 Hege-

249 4826 278 4877 et
292 4819 360 4878 olibi
373 4821 493 4898 paginus
506 4820 553 4879 vel
566 4829 642 4880 totos
656 4821 701 4878 vel
715 4839 752 4879 ex
792 4820 899 4897 sippus,
914 4818 1019 4878 diserte
1035 4819 1131 4898 posuit
1144 4819 1293 4878 dissentio

249 4909 330 4976 purte
351 4901 435 4978 gallis
452 4901 595 4962 tinctoriis
613 4901 683 4960 olim
701 4902 751 4959 ob·
793 4920 860 4959 nem
880 4901 1093 4960 Corinthiacum
1112 4902 1189 4960 intro
1208 4901 1291 4978 quin-

249 4981 319 5041 levit
338 4982 432 5042 nescio
446 4983 518 5060 quis,
532 5003 605 5041 vano
620 5004 671 5061 spe
689 4983 752 5041 lite-
793 5002 849 5059 que
869 4982 987 5041 ultimos
1001 4982 1159 5041 Domitiani
1180 4983 1220 5040 im
1256 4981 1292 5039 rii

249 5083 296 5121 rus
309 5070 453 5123 vetustate
473 5065 532 5124 fere
553 5085 651 5123 exesus
671 5084 752 5124 revo—
793 5084 890 5135 annos,
910 5060 980 5144 [scil.
993 5063 1028 5122 A.
1040 5065 1075 5121 D.
1090 5002 1293 5157 92-o6futi

250 5145 332 5204 condi
347 5145 495 5205 adductus.
793 5153 917 5204 testatur
933 5146 1081 5218 Eusebius,
1096 5146 1134 5204 Η.
1147 5147 1179 5204 E.
1196 5145 1236 5216 iii,
1249 5160 1293 5218 15,

289 5226 326 5285 ib.
343 5223 515 5308 ἐπαλλήλους]
529 5228 665 5303 repeated,
681 5226 753 5284 Ολυ-
798 5230 842 5285 ιό.
886 5227 1034 5301 Buronius,
1055 5227 1105 5306 qui
1128 5228 1152 5286 si
1172 5227 1294 5288 eundem
