3250 6617
423 1058 465 1120 10
787 1059 820 1121 S.
844 1058 1100 1122 CLEMENTIS

420 1230 640 1334 ἐπορεύεσθε,
661 1230 947 1328 ὑποτασσόμενοι
962 1238 1036 1317 τοῖς
1053 1231 1259 1333 ἡγουμένοις
1277 1233 1388 1330 ὑμῶν,
1405 1232 1472 1310 καὶ

419 1355 524 1457 τιμὴν
552 1356 618 1458 τὴν
647 1358 874 1460 καθήκουσαν
900 1359 1134 1460 ἀπονέμοντες
1164 1364 1238 1444 τοῖς
1267 1359 1350 1463 παρ’
1382 1361 1471 1459 ὑμῖν

420 1485 683 1590 πρεσβυτέροις·
711 1485 800 1572 νέοις
827 1520 865 1566 τε
890 1486 1016 1592 με’τρια
1042 1490 1100 1567 καὶ
1127 1485 1243 1588 σεμνὰ
1271 1492 1360 1566 νοεῖν
1385 1489 1470 1567 ἑπε-

421 1613 571 1717 τρέπετε·
601 1613 764 1718 γυναιξίν
785 1649 823 1695 τε
850 1617 887 1693 ε’ν
905 1615 1041 1723 ἀμώμῳ
1065 1617 1124 1695 καὶ
1150 1618 1266 1721 σεμνῇ
1293 1618 1351 1694 καὶ
1368 1616 1469 1721 ἁγνῇ

420 1740 619 1842 συνειδήσει
645 1740 763 1823 πάντα
789 1744 958 1823 ἐπιτελεῖν
981 1742 1266 1846 παρηγγέλλετε,
1286 1739 1503 1845 cremori-5

421 1904 492 1954 σας
511 1868 734 1969 καθηκόντως
751 1867 834 1955 τοὺς
849 1869 980 1974 ἄνδρας
996 1871 1142 1968 ἑαυτῶν,
1163 1869 1200 1950 ἕν
1217 1904 1255 1950 τε
1271 1873 1322 1977 τῷ
1343 1869 1470 1950 κανόνι

420 2000 484 2094 τῆς
501 1999 681 2099 ὑποταγῆς
699 1995 940 2103 ὑπαρχούσας,
958 1997 1004 2079 τὰ
1021 1996 1112 2078 κατὰ
1129 1996 1193 2078 τὸν
1210 1994 1307 2079 οἷκον
1324 2004 1471 2098 σεμνῶς

422 2127 615 2227 οἱκουργεῖν
631 2121 840 2221 ἐδιδάσκετε,
858 2122 953 2206 πάνυ
970 2125 1247 2234 σωφρονοόσας.

243 2273 406 2388 Εοιᾶιῐοέαἰο
478 2247 532 2330 B'.
563 2249 701 2338 Πάντες
724 2287 761 2333 τε
781 2256 1108 2359 ἐταπεινοφρονεῖτε,
1125 2249 1234 2352 μηδὲν
1252 2248 1466 2354 ἀλαζονευό-

242 2355 400 2454 ιιόιόόοιόω.
420 2412 527 2477 μενοι,
546 2378 833 2480 ὑποτασσόμενοι
856 2386 1002 2480 μᾶλλον
1020 2377 1043 2480 ἢ
1069 2378 1346 2477 ὑποτοὶσσοντες,
1364 2379 1469 2479 ἥδιον
1486 2415 1523 2455 ιο

422 2627 446 2685 si
470 2627 539 2704 quid
562 2636 718 2706 perpetuus
745 2639 774 2690 et
801 2631 924 2690 usitatus
964 2639 1063 2709 ageret
1086 2631 1122 2690 de
1148 2629 1289 2690 seditione
1311 2649 1380 2708 erge
1404 2650 1468 2689 ms·

422 2709 499 2786 apud
521 2708 602 2767 LXX
623 2711 693 2770 Intt.
715 2712 828 2770 dicendi
852 2733 923 2785 mos,
962 2713 1101 2790 gistratus
1117 2712 1254 2784 ethnicos,
1267 2711 1298 2769 in
1314 2731 1386 2790 quos
1402 2731 1468 2771 sur-

422 2789 517 2867 siquid
528 2790 565 2848 N.
572 2792 602 2849 T.
614 2792 819 2871 phraseologia,
828 2794 923 2872 siquid
962 2795 1104 2853 rexissent
1124 2792 1289 2867 Christiani,
1309 2793 1468 2871 speciosius

422 2891 512 2950 paene
533 2872 594 2949 ipsa
607 2874 694 2931 verba
713 2877 790 2952 apud
805 2874 921 2934 Ezechi-
962 2876 1078 2935 obtrudi
1091 2875 1138 2933 hic
1150 2882 1247 2952 posset
1259 2895 1317 2933 vox
1333 2875 1468 2950 ἡγούμενοι

422 2954 503 3024 elem,
527 2954 622 3031 siquid
645 2955 767 3032 denique
790 2955 922 3015 Clemens
962 2978 1015 3035 pro
1025 2956 1247 3035 magistratibus.
1269 2955 1365 3028 Nunc,
1374 2975 1468 3033 quum

421 3036 491 3112 ipse,
515 3036 563 3112 qui
586 3036 682 3113 paullo
701 3037 819 3096 inferius
844 3034 872 3117 [§
886 3035 917 3119 3]
963 3059 996 3097 es
1008 3059 1067 3098 vox
1086 3037 1227 3116 significet
1243 3057 1350 3111 omues,
1363 3037 1414 3114 qni
1434 3037 1468 3096 in

422 3117 508 3177 habet
518 3121 545 3173 ἐν
554 3123 607 3177 τοῖς
615 3121 725 3190 νομίμοις
733 3127 784 3175 τῶν
790 3143 921 3194 προσταγ-
963 3121 1062 3197 quevis
1082 3140 1114 3179 re
1126 3126 1273 3197 praeeunt,
1285 3119 1345 3178 eive
1364 3118 1395 3177 in
1410 3118 1468 3179 Re·

422 3202 592 3269 μάτονούτοῦ
605 3200 764 3272 πορεύεσθαι.
787 3199 866 3277 Lego
879 3200 923 3278 ig·
962 3201 1084 3278 publica,
1104 3202 1165 3260 sive
1191 3201 1222 3258 in
1246 3200 1381 3273 Ecclesia,
1401 3200 1467 3259 voci

421 3280 488 3353 itur,
497 3280 657 3358 refragante
667 3280 734 3340 licet
744 3281 813 3340 (lod
826 3281 921 3355 Msto,
961 3283 1113 3342 tribuenda
1127 3290 1170 3342 est
1182 3282 1321 3341 nltemtra
1330 3288 1466 3359 pom

420 3382 486 3420 cum
500 3363 588 3422 (ilem.
599 3360 681 3419 Alex
698 3365 724 3419 ἐν
735 3367 788 3421 τοῖς
800 3367 919 3433 νομίμοις.
960 3373 1048 3442 prout
1061 3385 1115 3436 res,
1129 3383 1202 3442 quae
1215 3363 1319 3441 agitur,
1329 3362 1464 3441 postulat

421 3443 541 3502 WOTT.
586 3443 727 3520 Equidem
747 3444 777 3502 in
791 3444 921 3503 Wottoni
961 3446 1036 3504 Vide
1047 3445 1263 3504 Hammondum
1276 3444 1313 3502 ad
1327 3443 1467 3503 Heb.xiii

420 3533 515 3602 partes
536 3525 656 3584 discedo.
699 3524 742 3583 Tu
762 3525 829 3584 vide
849 3545 921 3603 quae
962 3540 988 3601 7.
1010 3527 1077 3585 Jam
1090 3535 1187 3586 autem
1200 3526 1305 3584 nullius
1318 3525 1467 3585 seditionis

420 3607 506 3666 habet
515 3606 646 3665 Clemens
655 3614 752 3665 noster
761 3606 835 3665 infra
846 3608 861 3684 §
872 3627 918 3680 40,
959 3608 991 3666 in
1008 3609 1192 3686 magistratus
1207 3607 1304 3667 civiles
1319 3607 1467 3667 insimulat

419 3694 472 3747 τοῖς
481 3693 532 3764 γὰρ
542 3691 654 3759 νομίμοις
662 3694 707 3743 τοῦ
718 3693 852 3746 Δεσπότον
860 3691 919 3745 cirro-
961 3689 1125 3749 Corinthios
1137 3689 1277 3761 Clemens,
1288 3689 1339 3747 sed
1349 3695 1465 3748 tantm

420 3773 576 3828 λοοθοῡντες.
620 3770 821 3829 Emendationi
845 3769 922 3829 favet
962 3771 1118 3830 discordiae
1138 3771 1169 3829 in
1190 3770 1325 3844 Ecclesia,
1338 3790 1395 3848 qua
1414 3769 1466 3829 fie-

420 3852 522 3910 Pastor
539 3871 589 3910 scu
606 3851 737 3924 Hermas,
751 3872 769 3909 a
783 3852 923 3911 Constan-
961 3853 1020 3925 bat,
1041 3859 1075 3911 nt
1095 3851 1224 3911 nonnulli
1247 3852 1467 3912 adversarentur

419 3932 462 3992 tio
494 3933 643 4004 indicatus,
667 3933 725 3990 Vis.
741 3933 760 4006 i,
782 3932 870 3991 Nunn
894 3953 922 4008 3,
962 3936 1115 4009 ἡγουμένοις,
1150 3953 1207 4012 qua
1239 3953 1308 3993 voce
1344 3933 1467 4011 proinde

421 4020 476 4073 ‘nt
503 4015 604 4072 reddat
644 4013 701 4072 illis
728 4014 922 4091 repromissio·
962 4015 1158 4092 significantur
1196 4021 1310 4074 tautum
1351 4013 1373 4073 ii
1414 4013 1467 4093 qui

422 4102 517 4166 ‘nem,
533 4115 623 4173 quum
639 4096 816 4155 servaverint
833 4095 923 4172 leyiti·
963 4105 1113 4175 praeerant
1154 4096 1304 4156 Ecclesiae
1355 4095 1468 4156 Eodem

422 4183 494 4235 ‘cao
506 4177 580 4237 Dei)
962 4178 1037 4237 ratio
1056 4178 1164 4250 suadet,
1178 4181 1232 4237 τοῖς
1248 4179 1308 4252 παρ’
1324 4180 1383 4250 ὑμῖν
1401 4202 1466 4252 τρι·

465 4279 488 4317 1.
503 4254 659 4338 ἡγουμένοις]
691 4254 794 4338 [Guil]
819 4258 922 4316 Burto·
962 4262 1098 4335 elissipona
1117 4259 1336 4338 intelligendum
1355 4259 1392 4318 de
1411 4258 1468 4318 Ec·

421 4361 475 4400 nus
487 4360 587 4399 vocem
601 4341 733 4415 ἡγούμενοι
746 4339 792 4397 hic
806 4347 836 4399 et
853 4339 921 4397 alibi
962 4341 1062 4400 clesise
1076 4341 1261 4418 Presbyteris‚
1275 4360 1333 4399 non
1351 4341 1388 4400 de
1405 4359 1468 4400 mn·

420 4422 627 4500 interpretatur
649 4420 834 4498 magistratus
854 4421 922 4479 eivi-
961 4423 1129 4501 gistratibus
1162 4421 1386 4495 Corinthiorum,
1415 4422 1468 4500 qui

421 4503 483 4575 les;
511 4503 697 4580 affirmetque,
717 4522 787 4561 voce
807 4504 922 4577 πρεσβῦ·
963 4512 1045 4563 erant
1072 4504 1185 4564 ethnici.
1228 4504 1290 4563 Nec
1312 4510 1393 4564 vetat
1415 4524 1469 4582 op-

420 4610 497 4659 τεροι,
515 4605 587 4663 qnae
606 4585 636 4642 in
657 4585 841 4661 sequentibus
861 4605 923 4643 ver·
963 4586 1068 4663 positio
1080 4594 1131 4642 τῶν
1144 4587 1213 4658 νέων,
1227 4605 1300 4662 quae
1312 4585 1468 4664 sequitur;

421 4666 465 4724 bis
491 4667 605 4741 legitur,
630 4666 830 4744 intelligendos
854 4687 922 4738 csse,
962 4676 1082 4745 potuere
1102 4668 1179 4726 enim
1198 4667 1327 4744 juniores
1349 4667 1468 4745 quidem

422 4767 479 4806 non
500 4748 642 4807 Ecclesiae
665 4749 857 4826 l’rosbytcros,
874 4749 924 4806 scd
966 4749 1120 4807 Christiani
1141 4749 1171 4807 in
1191 4748 1325 4821 seniores,
1338 4768 1467 4822 munere,

421 4835 535 4888 tantrun
556 4829 721 4905 grandiores
741 4839 819 4903 natu,
838 4838 924 4907 prout
965 4850 1022 4889 non
1057 4831 1152 4888 minus
1179 4850 1266 4907 quam
1293 4836 1395 4902 aetate,
1421 4829 1467 4888 in-

422 4920 606 4987 opponuntur
621 4913 691 4982 νέοις,
702 4912 863 4987 juvenibus,
875 4912 924 4988 qni
965 4932 1089 4990 surgere.
1106 4912 1216 4972 CLER
1254 4913 1306 4989 Ep.
1322 4912 1359 4970 sd
1373 4911 1465 4970 Hebr.

421 5000 586 5068 sequuntur.
610 4991 690 5049 llaoo
704 5013 771 5051 voro
784 4999 853 5051 sunt
866 4993 925 5051 vio-
967 4994 1016 5052 xiii
1039 5008 1066 5069 7,
1088 4994 1259 5065 Μνημονεὺετε
1285 5000 1336 5050 τῶν
1357 4995 1466 5067 tyconi-

422 5072 637 5131 leucastrense
650 5073 738 5131 aviro
752 5074 846 5146 docto,
857 5073 925 5131 dum
966 5100 1015 5132 νων
1037 5079 1113 5146 ὑμῶν,
1142 5082 1171 5133 et
1196 5090 1240 5148 17,
1263 5076 1388 5130 Πείθεσθε
1412 5079 1468 5135 τοῖς

423 5154 543 5211 ὑποθέσει
570 5154 691 5211 δουλεύει.
734 5155 764 5211 Si
794 5155 926 5213 Clemens
966 5158 1111 5233 ἡγουμένοις
1131 5159 1206 5228 ὑμῶν.
1250 5155 1292 5215 Oi
1308 5155 1402 5233 Ignet
1427 5156 1466 5215 ed
