3250 6617
360 1050 425 1117 226
615 1051 855 1116 corbanan
878 1053 897 1114 J
902 1049 1106 1139 UDICIUM

365 1213 522 1276 asseritur.
569 1212 689 1277 Deinde
707 1213 780 1296 quia
794 1211 973 1276 viventibus
987 1210 1158 1295 Apostolis,
1172 1232 1209 1274 ae
1224 1209 1311 1272 Luca
1333 1208 1408 1272 scri·

367 1321 460 1384 bente
486 1321 706 1405 Evangelium‚
733 1322 835 1385 multa
857 1320 1048 1405 Apoerypha
1075 1326 1109 1384 et
1133 1317 1410 1402 Pseudepigrapha

291 1425 293 1428 ’
366 1432 457 1496 otiosi
494 1433 709 1517 temerariique
746 1433 888 1497 homines
924 1433 1068 1509 edebant,
1100 1430 1204 1515 inquit
1242 1429 1409 1514 Origenes,

368 1542 492 1605 Hom.i
514 1542 547 1605 in
570 1543 699 1621 Lucam,
728 1543 824 1628 [Opp.
848 1543 882 1606 iii
904 1566 935 1627 p.
959 1563 1022 1629 933
1045 1542 1092 1605 ed.
1115 1541 1248 1626 Bened.]
1275 1562 1410 1624 eumque

366 1655 544 1738 saepissime
567 1679 698 1740 sequens
724 1656 949 1740 Hieronymus,
978 1653 1134 1740 prooemio
1158 1652 1409 1717 Commentario·

366 1789 436 1828 rum
451 1789 543 1850 super
558 1767 770 1845 Matthaeum,
786 1767 882 1852 [Opp.
898 1791 920 1830 x
937 1790 967 1851 p.
984 1768 1044 1830 661
1063 1766 1110 1830 ed.
1121 1766 1269 1850 Vellera]
1286 1786 1409 1829 necnon

366 1874 467 1953 litus,
491 1875 686 1953 Ambrosius,
712 1876 808 1954 Beda,
832 1877 1036 1961 Euthymius,
1058 1874 1311 1960 Theophylaetus
1332 1874 1374 1938 ad
1392 1895 1405 1938 1

368 2010 444 2050 vers.
465 1987 589 2071 Evang.
606 1987 730 2064 Lucae,
754 1987 865 2072 quidni
886 1995 919 2051 et
938 1987 972 2051 in
995 1987 1057 2052 illis
1080 1988 1233 2072 quaedam
1251 1987 1408 2071 Sibyllino

367 2099 517 2162 nomine?
539 2099 590 2162 Ad
606 2101 681 2164 haec
699 2108 820 2164 certum
835 2109 937 2164 estex
948 2100 1098 2177 Varrone,
1114 2100 1274 2178 Cicerone,
1288 2099 1409 2177 Tacito,

368 2212 528 2290 Suetonio,
562 2212 741 2290 Plutarcho,
771 2213 873 2277 multa
908 2236 990 2277 vana
1025 2220 1057 2277 et
1091 2211 1291 2296 supposititia
1326 2211 1410 2275 inter

367 2324 511 2408 Paganos
533 2324 621 2409 quasi
646 2324 800 2409 Sibyllina
823 2325 918 2388 finisse
941 2323 1133 2402 circumlata,
1152 2330 1227 2387 ante
1248 2328 1282 2386 et
1299 2322 1408 2386 statim

366 2442 437 2519 post
462 2435 631 2518 primordia
655 2443 778 2500 nostrae
801 2435 997 2520 Religionis:
1021 2436 1080 2499 hoc
1103 2434 1245 2519 exemplo
1268 2456 1324 2498 cur
1344 2456 1409 2499 non

366 2545 449 2609 idem
464 2545 602 2609 evenerit
617 2546 700 2629 apud
714 2569 770 2609 nos
780 2547 800 2608 ?·
826 2546 937 2630 Adjiee
959 2545 1008 2608 his
1025 2544 1242 2609 testimonium
1259 2544 1409 2622 Hermae,

367 2656 470 2720 IVis.
494 2656 516 2719 ii
546 2679 612 2740 eap.
637 2679 669 2738 4,
693 2680 833 2741 quaeque
855 2656 901 2720 ibi
926 2655 1116 2720 annotabam
1140 2656 1179 2720 de
1204 2655 1324 2739 insigni
1348 2655 1410 2720 isto

366 2766 432 2830 loeo
452 2766 592 2850 Josephi,
607 2768 685 2829 Ana
702 2767 776 2830 Jud.
792 2767 803 2830 i
824 2785 855 2850 5,
884 2767 964 2850 [cap.
980 2766 1012 2831 iv
1036 2769 1054 2851 ψ
1071 2787 1090 2852 3
1113 2764 1161 2829 ed.
1179 2764 1405 2849 Haveroamp.]

370 2881 443 2958 Περὶ
459 2883 490 2942 δὲ
506 2885 557 2941 τοῦ
573 2883 683 2960 πύργου
699 2882 811 2955 τούτου,
829 2882 876 2942 καὶ
891 2884 941 2956 τῆς
955 2879 1148 2959 ἀλλοφωνίας
1166 2883 1225 2941 τῶν
1238 2879 1408 2957 ἀνθρώπων,

365 2989 507 3067 μέμνηται
532 2989 579 3051 καὶ
606 2992 754 3066 Σίβυλλα,
779 2988 914 3071 λέγουσα
937 2992 1035 3054 οὕτως·
1060 3001 1077 3022 “
1091 2989 1218 3051 Πάντων
1243 2989 1410 3068 ὁμοφώνων

366 3107 387 3136 “
403 3101 497 3162 ὄντων
512 3105 569 3162 τῶν
583 3100 754 3179 ἀνθρώπων,
769 3101 881 3181 πύργον
899 3098 1089 3184 ᾠκοδόμησάν
1110 3124 1185 3162 τινες
1206 3100 1409 3180 ὑψηλότατον,

366 3217 387 3246 “
404 3211 441 3275 ὡς
463 3211 511 3273 ἐπὶ
534 3211 587 3273 τὸν
611 3211 736 3288 οὐρανὸν
762 3211 984 3288 ἀναβησόμενοι
1013 3215 1050 3273 δι’
1074 3211 1173 3273 αὐτοῦ.
1229 3211 1269 3273 Οἱ
1291 3210 1324 3272 δὲ
1347 3213 1410 3272 θεοὶ

367 3329 388 3358 “
404 3321 528 3400 ἀνέμους
545 3321 774 3403 ἐπιπέμψαντες,
790 3325 960 3403 ἀνέτρεψαν
975 3321 1027 3385 τὸν
1046 3325 1168 3402 πύργον,
1186 3321 1232 3384 καὶ
1251 3323 1328 3384 ἰδίαν
1343 3321 1410 3384 lxd-

366 3439 387 3468 “
404 3457 464 3515 στῳ
480 3433 580 3511 φωνὴν
595 3435 715 3514 ἔδωκαν·
733 3434 780 3495 καὶ
795 3436 843 3496 διὰ
860 3437 941 3494 τοῦτο
958 3436 1124 3509 Βαβυλῶνα
1139 3429 1250 3510 συνέβη
1265 3435 1411 3509 κληθῆναι

366 3552 387 3581 “
403 3547 456 3622 τὴν
478 3543 603 3608 τόλιυ.”
647 3544 701 3627 qui
725 3544 810 3607 locus
834 3544 1001 3627 respondet
1024 3542 1072 3605 his
1098 3541 1271 3625 Sibyllinis,
1295 3541 1351 3604 lib.
1377 3541 1410 3604 iii

366 3654 448 3717 circa
469 3653 615 3729 initium,
659 3656 707 3738 [9]

453 3792 521 3852 ἀλλ’
537 3793 646 3853 ὁπόταν
661 3789 805 3870 μεγάλσιο
821 3793 904 3857 Θεοῦ
919 3790 1079 3851 τελέωνται
1094 3789 1221 3852 ἀπειλαί·
1246 3789 1301 3852 &a

368 3930 539 4008 Concludo,
564 3931 643 3993 nihil
661 3937 765 3994 vetare
791 3930 868 4014 quin
889 3953 961 3994 vero
985 3930 1141 3994 Clementi
1164 3930 1292 3995 laudata
1314 3931 1411 3995 firerit

293 4040 298 4049 “
368 4041 500 4127 Sibylla,
516 4043 549 4105 in
564 4066 597 4107 re
611 4042 793 4126 praesertim
809 4043 954 4106 Ethnieis
976 4065 1039 4105 non
1061 4043 1181 4126 ignota,
1197 4041 1309 4105 mundi
1323 4043 1410 4108 vide·

367 4151 441 4216 licet
456 4154 528 4230 fine,
545 4176 580 4216 ac
598 4153 765 4236 impiorum
785 4176 839 4236 per
861 4153 967 4237 ignem
983 4152 1120 4236 judicio:
1143 4153 1182 4216 de
1204 4176 1265 4236 qua
1280 4137 1411 4217 ‘consule

367 4263 529 4346 praecipue
552 4264 716 4326 Justinum
739 4265 926 4348 Martyrem,
945 4264 1037 4346 Apol.
1056 4263 1079 4325 ii
1101 4287 1132 4346 p.
1152 4264 1204 4341 66,
1233 4263 1295 4348 [ed.
1312 4264 1410 4327 Paris,

372 4375 463 4457 1615,
486 4376 579 4459 Apol.
597 4375 607 4438 i
632 4377 648 4460 q
668 4396 719 4453 20,
741 4399 772 4459 p.
789 4392 831 4459 55
854 4376 902 4440 ed.
920 4377 1052 4461 Bened.]
1074 4384 1106 4440 et
1126 4376 1281 4461 Sibyllina
1303 4386 1411 4442 nostra

367 4484 511 4561 Oracula,
538 4484 634 4548 libii
661 4487 857 4571 [194—213,
885 4486 1064 4570 284—295,
1089 4490 1285 4573 304—337,]
1313 4496 1348 4552 et
1377 4487 1410 4551 iii

372 4596 526 4679 [19—25‚
549 4598 623 4679 556,
645 4597 827 4682 627—631,
850 4596 938 4681 698.]
988 4599 1036 4660 Ac
1061 4597 1164 4661 forsan
1189 4598 1335 4662 Clemens
1357 4622 1410 4662 ex·

368 4706 518 4789 emplaria
547 4707 668 4770 viderat
691 4715 859 4791 antequam
884 4731 903 4771 a
926 4707 1124 4786 Christianis,
1149 4717 1185 4773 ut
1211 4710 1411 4793 conqueritur

368 4820 476 4883 Celsus
498 4821 581 4904 apud
604 4820 786 4904 Origenem‚
806 4821 861 4884 lib.
878 4822 921 4884 n'i
944 4827 1052 4885 contra
1073 4845 1155 4899 eum,
1186 4823 1218 4907 [q
1235 4840 1277 4907 53
1301 4820 1409 4906 Oppi

368 4954 398 5013 p.
417 4947 477 5016 732
497 4930 544 4993 ed.
559 4931 691 5015 Bened.]
712 4930 845 4994 fuissent
860 4930 1031 5015 interjectis
1046 4932 1186 5015 pluribus
1201 4933 1398 5016 interpolata.

411 5041 575 5104 Caeterum
601 5042 725 5105 videtur
751 5042 827 5104 haee
852 5042 988 5105 secunda
1011 5042 1152 5126 Epistola
1175 5052 1249 5107 ante
1275 5044 1410 5128 primam

369 5173 432 5215 esse
448 5152 571 5234 scripta.
618 5152 880 5235 Quandoquidem
902 5153 1008 5216 innuit
1021 5154 1236 5237 fragmentum
1253 5155 1339 5220 illius
1356 5180 1409 5241 pa·
