3250 6617
372 1043 414 1108 74
740 1041 773 1104 S.
789 1040 1047 1106 CLEMENTIS

370 1247 483 1310 μασιν
511 1215 653 1313 αἰγείοις
681 1216 740 1292 καὶ
767 1220 950 1315 μηλωταῖς
976 1211 1251 1318 περιεποίτησαν,
1274 1210 1411 1315 κηρύσ-

370 1372 496 1424 σοντες
513 1335 579 1438 τὴν
598 1340 744 1420 ἕλευσιν
761 1350 825 1421 τοῦ
846 1348 1023 1446 Χριστοῦ·
1054 1342 1207 1441 λε’γομεν
1223 1337 1260 1419 δὲ
1277 1337 1414 1418 Ἠλίαν

369 1469 426 1545 καὶ
457 1467 633 1565 Ἐλισαιέ,
659 1465 708 1547 ἔτι
740 1469 777 1548 δὲ
809 1473 867 1548 καὶ
897 1466 1060 1571 Ἰεζεκιὴλ
1092 1464 1175 1553 τοῦς
1206 1466 1412 1575 προφήτας,

368 1591 459 1697 πρὸς
485 1594 622 1681 τούτοις
642 1597 702 1675 καὶ
724 1594 807 1682 τοῦς
833 1595 1172 1701 μεμαρτυρημένους.
1228 1594 1409 1697 ’Emptu-

367 1718 459 1825 ρήθη
477 1721 645 1826 μεγάλως
662 1724 843 1828 Ἀβραάμ,
858 1727 916 1804 καὶ
934 1724 1043 1832 φίλος
1056 1720 1332 1828 προσηγορεύθη
1350 1730 1442 1825 τοῦ5

371 1855 476 1949 Θεοῦ,
503 1855 561 1931 καὶ
588 1852 696 1953 λέγει,
725 1851 890 1954 ἀτενίζων
911 1857 960 1938 είς
982 1849 1048 1951 τὴν
1071 1847 1182 1954 δόξαν
1209 1858 1273 1930 τοῦ
1301 1855 1411 1946 Θεοῦ,

367 1986 667 2085 ταπεινοφρονῶν,
687 1991 708 2026 “
719 1978 820 2083 Ἐγὼ
837 1979 880 2059 δέ
891 1984 959 2080 είμι
977 1983 1025 2081 γῆ
1044 1983 1103 2058 καὶ
1120 1975 1292 2063 σποδός.”
1328 1975 1413 2057 Ἔτι

369 2104 405 2184 δὲ
423 2110 480 2186 καὶ
498 2109 578 2211 περὶ
595 2106 683 2203 Ἰὼβ
701 2109 792 2188 οῦτω
811 2106 1021 2211 γε’γραπται·
1062 2118 1084 2153 “
1096 2104 1184 2201 Ἰὼβ
1202 2102 1246 2205 ἦν
1265 2106 1410 2201 δίκαιος,

367 2337 471 2394 nymus
492 2316 576 2399 [Edv.
598 2317 738 2401 Bernard]
763 2320 819 2379 hoc
838 2319 868 2378 in
908 2339 998 2397 quum
1011 2319 1081 2378 haee
1094 2317 1213 2397 propius
1225 2318 1364 2378 accedant
1376 2317 1413 2375 ad

366 2399 430 2458 loco
453 2400 622 2475 observavit,
644 2402 744 2461 ‘Haec
759 2400 868 2478 junxit,
910 2401 1070 2478 Epistolam
1090 2401 1126 2458 od
1148 2400 1304 2472 Hebraeos,
1325 2419 1412 2477 quam

368 2487 375 2513 ‘
390 2481 523 2540 Clemens
532 2483 753 2556 Alexandrinus,
761 2504 788 2561 p.
800 2486 868 2557 516,
909 2502 1023 2560 eaquae
1033 2481 1413 2541 aClementeAlexandrino

368 2567 455 2621 ‘cum
479 2564 494 2639 ξ
515 2585 531 2639 9
556 2565 641 2642 hujus
662 2565 817 2642 Epistulae,
839 2573 869 2624 et
908 2563 1051 2623 habentur
1062 2583 1070 2635 ;
1091 2582 1184 2641 neque
1203 2563 1356 2622 abhorreat
1375 2563 1413 2620 ab

367 2645 552 2704 ‘rectissima
596 2646 711 2721 Quanta
732 2646 866 2724 Interpo·
907 2645 993 2724 hujus
1006 2665 1086 2704 more
1099 2664 1172 2722 quae
1190 2645 1226 2702 ab
1244 2643 1308 2721 ipso
1322 2645 1413 2704 citan-

367 2731 374 2758 ‘
389 2725 464 2784 lator
476 2727 607 2786 addiditl
628 2729 678 2786 sed
691 2729 744 2786 hoc
758 2728 868 2787 facinus
908 2735 958 2787 tur
968 2728 998 2785 in
1009 2726 1210 2804 compendium
1224 2727 1348 2800 duce-re3
1362 2746 1412 2786 ne

367 2807 600 2885 ‘Hieronymum
621 2809 715 2886 ipsum
735 2809 821 2869 latuit
838 2809 868 2867 in
908 2829 965 2887 que
978 2809 1052 2868 alius
1069 2809 1149 2867 locus
1168 2808 1214 2880 sit,
1229 2807 1279 2885 qui
1296 2806 1352 2867 hoc
1371 2808 1412 2881 fa·

367 2888 469 2947 ‘Com
486 2890 522 2947 ad
537 2890 671 2948 Esaiam!
712 2890 792 2949 Haec
805 2891 869 2968 qui·
909 2891 992 2949 cilius
1005 2890 1148 2949 admittat.
1191 2889 1303 2966 Operae
1321 2889 1413 2967 igitur

366 2969 431 3028 dem
441 2971 542 3048 junxit
556 2971 688 3030 Clemens
702 2971 786 3030 Alex.
802 2992 869 3031 cum
908 2973 1035 3049 pretium
1049 2991 1110 3031 ease
1130 2971 1204 3029 duco
1216 2979 1322 3042 totum,
1337 2971 1412 3031 sicut

367 3052 382 3127 ξ
402 3071 419 3126 9
443 3072 496 3128 pro
517 3072 597 3110 more
620 3073 681 3124 suo,
705 3053 755 3130 qui
776 3053 807 3111 in
827 3054 868 3112 ei·
908 3055 945 3112 ab
957 3053 1155 3112 Alexandrino
1168 3052 1412 3123 habetur,lectori

365 3133 454 3191 tando
466 3154 520 3211 pro
534 3134 653 3193 arbitrio
666 3154 719 3193 suo
733 3134 789 3193 alia
802 3154 868 3193 con·
908 3135 992 3193 simul
1007 3135 1161 3193 exhibere:
1181 3135 1351 3204 Ἀτενίσοομιν
1367 3135 1413 3192 οὖν

364 3214 464 3281 trahit,
486 3215 542 3273 alia
568 3215 659 3275 fusius
685 3216 784 3289 tradit,
811 3217 868 3275 alia
908 3220 943 3276 είς
969 3219 1028 3275 τοῦς
1054 3218 1157 3274 τελείως
1182 3215 1413 3289 λειτουργὴσευτας

365 3296 451 3369 tollit,
478 3297 535 3355 alia
563 3296 729 3376 interponit,
756 3298 868 3376 sibique
908 3301 1029 3370 αὐτοῦτῇ
1046 3301 1236 3371 μεγαλοπρεπεῖ
1248 3298 1319 3368 δόξῃ.
1361 3303 1411 3355 Λώ·

364 3379 581 3450 accommodat3
597 3378 645 3456 qui
659 3398 728 3438 vero
742 3379 809 3438 inde
823 3400 867 3438 ar·
906 3384 993 3452 βομιν
1004 3381 1097 3450 Ἑνώχ,
1116 3379 1144 3436 ὃς
1161 3381 1188 3434 ιἰι
1200 3379 1297 3449 ὑπακοῇ
1318 3380 1413 3439 δίκαιος

363 3459 436 3535 guit,
451 3459 654 3536 interpolatam
669 3460 755 3519 fuisse
768 3460 822 3519 hoc
837 3462 867 3519 ln
907 3463 1016 3535 εὑρεθείς
1041 3461 1167 3530 μετετέθη.
1219 3463 1268 3516 Knl
1294 3466 1362 3525 Νῶε,
1383 3462 1411 3520 ῦς

364 3540 426 3599 loco
458 3541 618 3618 Epistulam
643 3542 675 3599 B.
701 3542 866 3615 Clementis,
906 3543 1049 3601 πιστεύσας
1071 3543 1189 3611 διεσώθη·
1218 3544 1259 3596 καί
1284 3540 1410 3614 Ἀβραάμ,

363 3642 456 3699 neque
475 3623 646 3696 Romanum,
667 3643 760 3701 neque
775 3624 864 3682 Alex-
907 3623 935 3682 ίς
955 3626 996 3680 διὰ
1015 3625 1104 3681 πίστιν
1116 3625 1156 3679 καί
1171 3623 1321 3695 φιλοξενίαν
1332 3626 1412 3696 φίλος

362 3704 517 3763 anduinum
556 3704 736 3763 Clementem
776 3706 866 3782 probe
907 3710 983 3770 θεοῦ,
998 3708 1080 3776 πατὴρ
1100 3706 1128 3759 δὲ
1147 3708 1193 3760 τοῦ
1204 3706 1293 3759 Ἰσαὰκ
1309 3727 1409 3777 προση-

363 3786 444 3845 novit
456 3807 465 3859 ;
500 3794 530 3845 et
557 3786 627 3844 dum
654 3787 866 3863 Hieronymum
906 3787 1021 3860 γοροίθη.
1058 3788 1107 3841 Διὰ
1120 3786 1268 3858 φιλοξενίαν
1282 3788 1322 3840 καί
1336 3787 1410 3842 εὐαί-

363 3866 493 3927 insoitiae
507 3867 692 3939 insimulavit,
708 3869 768 3945 ipse
782 3868 866 3928 insci-
905 3873 978 3935 βιιαιι
991 3871 1049 3924 Λώτ
1062 3867 1147 3936 ἐσώθη
1161 3869 1189 3922 ἐκ
1202 3867 1326 3936 Σοδόμων.
1361 3871 1411 3924 Διὰ

362 3948 420 4006 tiae
440 3969 514 4021 suae,
530 3956 560 4008 et
573 3949 663 4008 fastus
679 3949 864 4026 hypercritici
905 3951 993 4006 πίστιν
1006 3952 1047 4005 καί
1065 3948 1215 4022 φιλοξενίαν
1232 3947 1318 4016 ἐσώθη
1329 3948 1411 4017 Ῥαὰβ

362 4029 443 4088 dedit
466 4031 578 4108 insigne
602 4031 769 4107 specimen;
791 4031 866 4090 lecta
906 4031 1030 4104 ἦτόρνη.
1072 4030 1112 4084 Δι’
1125 4030 1253 4098 ὑπομονὴν
1265 4032 1306 4084 καί
1321 4031 1410 4087 πίστιν

362 4111 439 4169 enim
462 4111 518 4171 fuit
541 4111 655 4188 publice
683 4112 714 4169 in
739 4112 866 4171 Ecclesia
905 4115 933 4167 ἐν
946 4112 1069 4185 δέρμασιν
1081 4112 1193 4184 αἰγείοις,
1213 4111 1254 4164 καὶ
1272 4115 1407 4180 μηλωταῖς,

361 4192 431 4251 haec
445 4193 576 4271 Epistola
596 4212 686 4269 paene
706 4193 742 4250 ad
760 4193 865 4252 Hiero-
905 4196 946 4249 καὶ
976 4199 1072 4265 τριχών
1097 4191 1238 4261 εαμηλείοον
1262 4193 1409 4264 πλέγμασιν

361 4275 442 4350 nyml
465 4283 604 4351 tempora,
629 4274 700 4333 adeo
727 4282 761 4333 ut
785 4275 866 4334 locus
905 4277 1093 4347 περιεπάτησαν
1110 4272 1281 4346 κηρύσσοντες
1300 4274 1407 4342 ιὴνβσ·

362 4375 423 4414 esse
450 4356 526 4415 haud
550 4355 679 4433 potuerit
700 4356 864 4433 hujusmodi
905 4358 1004 4412 σιλείαν
1024 4360 1071 4411 τοῦ
1096 4357 1220 4428 Χριστοῦ·
1251 4354 1361 4426 λέγομεν
1380 4357 1408 4410 δὲ

361 4436 473 4496 fraudi:
503 4457 595 4515 neque
619 4436 692 4495 alius
713 4437 865 4515 quisquam
903 4437 997 4492 Ἠλίαν
1009 4439 1050 4492 καί
1062 4436 1224 4506 Ἐλισσαῖον,
1241 4434 1361 4506 Ἰεξεκιίγλ
1380 4460 1408 4492 τε

361 4517 416 4578 fuit
440 4518 611 4596 perspicacis
633 4518 726 4596 magis
748 4519 865 4596 ingenii,
904 4521 945 4574 καὶ
964 4519 1089 4588 Ἰωάννην,
1112 4517 1172 4573 τοὺς
1192 4516 1336 4588 προφήτας.
1362 4516 1406 4575 ed

361 4607 391 4658 et
411 4602 550 4659 acuminis
570 4599 671 4668 critici,
689 4620 775 4678 quam
790 4600 863 4660 Hie·
905 4598 999 4657 Onon.
1014 4618 1042 4675 p.
1059 4600 1127 4655 610.
1148 4594 1271 4655 WOTT.

360 4701 518 4758 ronymus:
550 4682 650 4740 eadem
674 4682 761 4740 etiam
784 4681 863 4741 fraus
944 4701 970 4755 3.
984 4683 1101 4737 Ἐλιοοιε
1136 4677 1206 4737 cod
1225 4676 1344 4736 MStum
1363 4700 1407 4739 se-

360 4762 445 4822 latuit
470 4763 613 4835 Photium,
638 4763 662 4822 si
690 4763 863 4841 interpolata
902 4770 1070 4821 cutuasum
1140 4759 1166 4817 d.
1182 4758 1408 4821 cumClementa

360 4843 446 4903 luerit
467 4844 537 4904 haec
558 4846 687 4922 Epistola
707 4853 774 4904 ante
791 4845 863 4903 Hie·
903 4843 987 4902 Alex„
1002 4846 1161 4900 Ἐλισσαῖον.

360 4944 521 5002 ronymum.
565 4926 664 4986 Liceat
680 4927 770 5005 igitur
783 4925 862 4984 Ano·
944 4947 970 4998 4.
999 4927 1122 4982 καὶτοὺς
1147 4921 1403 5003 μεμαρτυρημένοις]

360 5025 447 5082 uymo
474 5028 526 5085 per
549 5027 595 5066 me
618 5008 674 5065 frui
699 5016 862 5067 commento
902 5007 920 5064 i.
936 5027 959 5065 e.
976 5007 1065 5066 etiam
1083 5025 1131 5064 eos
1149 5004 1199 5081 qui
1213 5002 1244 5060 in
1258 5003 1409 5082 Scriptura

359 5106 428 5161 suo;
442 5089 492 5147 vix
501 5089 579 5148 enim
588 5089 676 5146 alium
688 5110 862 5166 quemquam
901 5088 1054 5166 praeclaris
1085 5086 1186 5163 elogiis
1212 5091 1299 5162 atque
1324 5087 1407 5147 testi-

360 5169 454 5229 trehet
467 5170 497 5228 in
511 5190 576 5230 suas
590 5178 693 5247 partes,
708 5171 862 5248 praecipue
902 5170 1006 5228 moniis
1024 5168 1118 5228 ornati
1137 5174 1213 5225 sunt.
1258 5167 1323 5227 vid.
1338 5167 1406 5228 Act
