3250 6617
403 1067 467 1130 112
771 1065 804 1129 S.
828 1064 1086 1130 CLEMENTIS

405 1251 427 1288 ‘⁶
444 1240 502 1317 καὶ
518 1246 591 1319 ποῦ
617 1236 844 1342 κροβήσομαι
871 1236 943 1320 ἀπὸ
967 1247 1032 1320 τοῦ
1049 1237 1250 1343 προσώπου
1266 1269 1361 1332 σου;
1390 1234 1451 1314 ἐὰν

406 1379 427 1416 “
445 1369 568 1462 ἀναβῶ
595 1372 643 1451 εὶς
666 1365 730 1447 τὸν
748 1365 911 1470 οὐρανόν,
931 1363 982 1447 σὺ
999 1362 1031 1445 εἶ
1045 1370 1123 1446 ἐκεῖ·
1154 1365 1216 1446 ἐὰν
1232 1362 1382 1446 ἀπὲλθιο
1403 1369 1452 1449 εἷς

407 1507 429 1543 “
445 1493 491 1575 τὰ
518 1495 656 1601 ἕοχατα
679 1499 744 1595 τῆς
770 1500 850 1597 γῆς,
875 1498 946 1575 ἐκεῖ
969 1495 991 1596 ἡ
1019 1492 1118 1599 δεξιά
1144 1523 1227 1574 σου·
1255 1492 1317 1572 ἐὰν
1339 1528 1448 1572 κατα·

406 1634 428 1669 “
443 1621 602 1726 στρώσω
623 1627 671 1708 εἷς
691 1621 756 1707 τάς
779 1622 982 1720 ἀβύσσους,
1002 1625 1073 1703 ἐκεῖ
1095 1621 1138 1702 τὸ
1167 1619 1317 1722 Πνεῦμά
1342 1620 1449 1701 σου.”

409 1757 484 1831 Ποῖ
507 1751 570 1830 οὖν
589 1785 643 1835 τις
665 1747 819 1856 ἀπέλθῃ,
848 1748 871 1849 ἢ
896 1760 966 1831 ποῦ
989 1748 1192 1856 ἀποδράσῃ,
1221 1748 1382 1830 ἀπὸτοῦ
1407 1747 1453 1830 ni
1484 1786 1529 1845 5

406 1874 524 1956 πάντα
539 1877 825 1982 ἐμπεριέχοντοςς

242 2018 426 2158 &wem
465 2000 558 2087 ΚΘ’.
589 2001 918 2159 Πρρσέλθωμεν
877 2039 939 2084 ουν
957 2006 1054 2112 αὐτῷ
1075 2007 1114 2085 ἐν
1132 2002 1289 2104 ὁσιότητι
1311 2007 1449 2158 φαιχῖρς,

243 2167 428 2287 {affiatu
407 2132 519 2235 ἀγνάς
551 2135 609 2212 καὶ
640 2129 829 2232 ἀμιάντους
861 2138 979 2238 χεῖρας
1014 2132 1169 2238 αἴροντες
1204 2130 1295 2236 πρὸς
1326 2131 1450 2230 αὐτόν,

243 2282 384 2348 sibielegit
407 2263 613 2361 ἀγαπῶντες
649 2260 713 2340 τὸν
746 2261 874 2358 ἐπιεικῆ
917 2294 974 2338 και
1012 2263 1270 2366 εὔσπλαγχνον
1308 2260 1457 2416 Πατέρα

408 2387 519 2486 ἡμῶν,
541 2386 579 2473 bc
596 2388 748 2487 ἐκλογῆς
765 2387 872 2490 με’ρος
889 2386 1053 2488 ἐπτοίησεν
1070 2389 1192 2495 ἑαυτῷ.
1249 2387 1426 2467 Οντω
1380 2422 1456 2493 γαρ
1485 2423 1508 2463 1
1522 2417 1552 2455 ο

407 2514 618 2619 γέγραπται·
659 2512 777 2595 *(Ὀτε
804 2512 988 2618 διεμέριζεν
1016 2511 1246 2622 ὁὛψιο-τος
1272 2515 1371 2615 ἔθνη,
1406 2519 1457 2602 ὡς

408 2655 429 2690 “
446 2641 636 2747 διὲσπειρεν
664 2639 758 2727 υἱοὺς
784 2639 912 2743 Ἀδάμ,
940 2641 1094 2742 ἔστησεν
1122 2642 1201 2746 ὅρια
1225 2646 1338 2722 ἐθνῶν
1361 2643 1458 2724 κατὰ

406 2905 582 2957 tamencum
597 2902 730 2973 γραφείοις
748 2907 778 2957 et
791 2903 909 2974 ἁγιογρό-
948 2899 1065 2963 tionem.
1074 2897 1331 2975 auctoritatemque
1345 2899 1458 2977 Hagio-

407 2985 468 3054 φοις
500 3000 559 3038 non
590 2988 777 3039 numerantur
804 2981 910 3039 Psalmi
949 2980 1131 3058 grapborum,
1155 2987 1307 3057 postquam
1331 2980 1460 3059 insignia

403 3061 490 3138 juxta
511 3062 580 3119 alias
608 3061 772 3139 Scripturas
794 3061 910 3120 divisio·
950 3063 1006 3121 ista
1025 3062 1061 3119 de
1082 3061 1232 3120 canonicis
1251 3060 1332 3119 libris
1352 3062 1459 3140 legeris

407 3162 477 3215 ncs3
511 3143 648 3201 nimirum
675 3145 711 3201 ab
739 3143 910 3221 Epiphanio.
951 3143 1028 3220 apud
1052 3143 1084 3200 B.
1106 3141 1311 3219 Augustinum.
1336 3143 1357 3200 ii
1380 3148 1398 3203 8
1420 3145 1459 3204 de

409 3224 470 3281 Lib.
487 3225 522 3282 de
537 3225 679 3282 Mensuris
693 3232 722 3283 et
733 3224 912 3283 Ponderibus
952 3223 1091 3284 Doctrina
1099 3222 1268 3282 Christiana
1286 3222 1373 3305 [Opp.
1384 3234 1455 3284 tom.

410 3303 596 3446 tuille
609 3306 913 3462 tllttftssl
952 3303 1280 3460 bremt}
1310 3306 1458 3447 tter

407 3470 470 3536 Ἰὼβ
495 3472 598 3535 βίβλος,
626 3468 679 3526 εἶτα
705 3474 734 3525 τὸ
761 3471 913 3542 Ψαλτὴριον,
952 3476 1113 3546 suspectam
1134 3468 1182 3526 alil
1199 3468 1255 3526 viri
1275 3469 1354 3528 docti
1373 3477 1458 3530 tuen·

409 3553 544 3623 Παροιμίαι
571 3555 741 3622 Σολομῶντος,
763 3553 913 3622 Ἐκκλησία·
952 3558 1008 3610 tur.
1045 3549 1101 3608 His
1113 3549 1229 3608 accedat
1242 3550 1457 3629 Simonim,qul

409 3633 481 3701 στῆς,
499 3630 587 3705 ’ᾼαμα
610 3634 740 3704 ᾀσμάτων·
769 3631 825 3689 εἶτα
846 3635 913 3702 ἄλλο
954 3632 1083 3690 eamdem
1096 3631 1220 3689 illustrat
1234 3630 1350 3690 iuBibt
1362 3633 1454 3692 Obois.

409 3716 578 3785 πεντθτευχος
595 3717 627 3769 τὰ
645 3715 785 3784 καλούμενα
801 3718 914 3787 γραφεῖα
953 3713 963 3770 i
980 3727 1014 3786 27
1018 3731 1046 3785 3,
1060 3720 1089 3771 et
1109 3713 1140 3769 in
1158 3713 1260 3788 Critiq.
1282 3713 1317 3771 dt
1337 3714 1368 3771 la
1381 3714 1455 3774 Bit&

410 3817 431 3852 κ
444 3819 465 3852 τ.
476 3790 515 3873 λ]
528 3794 660 3871 illiusque
671 3794 846 3872 exscriptore
855 3794 914 3851 Da·
953 3795 1066 3870 Dapia,
1077 3794 1109 3851 iii
1120 3808 1167 3867 70,
1180 3793 1342 3871 iterumque
1355 3795 1410 3854 hac
1422 3796 1456 3854 de

410 3896 549 3947 masceno,
565 3876 742 3947 Cassiodoro,
759 3885 789 3935 et
810 3876 915 3933 Hiero-
953 3896 984 3934 re
998 3876 1068 3952 agit.
1082 3895 1109 3952 p.
1126 3894 1163 3949 33
1179 3875 1315 3952 Respons
1331 3876 1370 3934 ad
1384 3877 1455 3936 Vos·

410 3977 497 4034 nymo
518 3956 547 4013 in
564 3957 790 4016 Praefationibus
809 3957 846 4014 ad
860 3957 915 4015 To-
953 3958 1037 4029 sium,
1051 3957 1100 4033 qui
1120 3957 1265 4015 immerito
1281 3957 1456 4018 existimarit

410 4039 488 4097 biam
507 4045 537 4097 et
549 4038 653 4097 Judith
667 4059 675 4109 ;
697 4039 728 4095 in
745 4038 848 4114 quibus
868 4037 915 4095 bic
953 4058 1053 4097 vocem
1066 4043 1190 4114 γραφεῖον
1202 4039 1238 4096 ab
1252 4038 1361 4114 Aquila
1372 4040 1456 4099 filine

410 4121 500 4179 tradit
520 4119 619 4178 eadem
639 4120 696 4177 duo
713 4120 859 4178 volumina
878 4121 915 4177 ab
954 4120 1111 4179 confictam.
1145 4118 1349 4180 GALLAND.
1411 4121 1456 4181 sie

412 4201 552 4259 Hebraeis
579 4201 614 4258 de
640 4201 770 4278 catalogo
796 4201 915 4259 Divina-
953 4202 1030 4279 apud
1054 4201 1256 4278 Epiphanium‚
1276 4205 1316 4258 καὶ
1337 4206 1370 4260 τὰ
1393 4213 1455 4276 rpu-

410 4303 476 4340 rum
491 4283 702 4358 Scripturarum
716 4283 813 4355 secari,
828 4291 914 4359 atquc
953 4290 1015 4357 φιῖα
1028 4289 1160 4358 λεγόμενα,
1173 4287 1241 4354 φημὶ
1253 4286 1281 4339 δὲ
1294 4286 1326 4339 τὰ
1340 4286 1456 4358 Στιχίγριγ,

411 4364 468 4441 legi
482 4363 915 4441 intcrHagiographuquorum
954 4368 995 4421 καὶ
1018 4369 1043 4420 al
1069 4368 1206 4434 Βααιλεῖαι,
1229 4368 1269 4422 καὶ
1296 4370 1456 4440 [lupricat-

411 4444 566 4504 auctoritas
599 4445 636 4502 ad
670 4445 831 4502 roboranda
865 4445 915 4502 illa
953 4469 1023 4517 μενα,
1045 4450 1084 4501 καὶ
1108 4447 1215 4519 Αῖοθὴρ,
1236 4471 1258 4503 κ.
1277 4470 1299 4503 r.
1318 4450 1345 4504 λ.
1369 4447 1455 4506 Haer.

413 4548 484 4605 quae
507 4528 537 4584 in
561 4527 774 4585 contentionem
794 4526 914 4585 veniunt
954 4526 1027 4584 xxix
1049 4541 1076 4600 7,
1099 4526 1115 4583 Ι
1142 4546 1170 4604 p.
1199 4545 1254 4584 122
1283 4526 1311 4584 D
1338 4528 1383 4587 ed
1407 4529 1458 4587 Pe·

411 4609 506 4666 minus
529 4608 632 4666 idonea
653 4608 806 4686 judicatur.
850 4607 915 4680 Quo
954 4616 1010 4667 tav.

412 4692 454 4761 fit,
475 4700 508 4749 ut
529 4689 651 4767 duplicis
674 4691 785 4768 generis
806 4689 915 4766 Hagio-
996 4708 1022 4764 p.
1037 4707 1101 4745 110.
1115 4703 1162 4762 17.
1174 4694 1230 4745 Ποῦ
1243 4690 1336 4762 ἀφίγξο
1347 4715 1369 4749 ιε
1379 4716 1403 4749 τ.
1414 4696 1439 4750 λ.

413 4772 522 4849 grapba
555 4772 686 4830 habuisse
713 4771 825 4830 dicendi
857 4771 916 4829 sint
957 4770 1055 4828 Paullo
1069 4769 1152 4828 aliter
1162 4769 1369 4849 legimusapud

416 4852 549 4924 Hebraei,
572 4854 688 4930 majoris
715 4854 856 4924 videlicet,
884 4871 916 4909 ac
957 4851 1029 4910 Intt.
1051 4851 1220 4928 quibuscum
1240 4872 1330 4928 paene
1352 4855 1383 4912 in
1402 4855 1459 4913 ain·

415 4934 534 4992 minoris
557 4935 735 4993 auctoritatis
747 4955 756 5006 3
779 4942 866 5010 atque
886 4933 916 4990 in
957 4933 1032 5009 gulis
1058 4933 1199 4992 consentit
1222 4941 1287 4991 tum
1311 4935 1460 4994 Hebraeus

415 5015 559 5091 prioribus
578 5016 729 5074 dumtaxat
741 5035 806 5074 cum
824 5015 918 5073 Sacris
957 5015 1075 5079 Textus,
1089 5022 1152 5073 tum
1172 5023 1300 5073 caeterae
1315 5017 1460 5076 versiones

417 5096 572 5172 Scripturis
613 5097 739 5173 posuisse
781 5097 915 5155 Psalmos
958 5116 1063 5154 omnes.
1114 5101 1169 5152 Ποῦ
1195 5099 1312 5169 πορευθῶ
1337 5101 1390 5156 ἀπὸ
1415 5105 1460 5156 τοῦ

418 5177 480 5235 Nec
495 5176 642 5235 miraberis
661 5177 801 5236 diversam
819 5197 917 5254 accep·
957 5179 1103 5249 Πνεάματός
1116 5202 1173 5248 σου,
1187 5181 1228 5233 καὶ
1247 5179 1298 5236 ἀπὸ
1315 5186 1362 5236 τοῦ
1378 5205 1459 5254 προσ-
