3250 6617
435 1939 472 2019 S.
502 1937 779 2020 CLEMENS
816 1938 1109 2020 ROMANUS.

316 2246 387 2310 τοῖς
411 2234 557 2331 ἐφοδίοις
582 2243 643 2306 τοῦ
669 2237 753 2307 θεοῦ
778 2233 1138 2334 &prozimum-Ep]
1165 2233 1181 2335 ᾗ
1202 2260 1231 2307 2.

360 2631 590 2709 Hmuoumus,
607 2632 678 2696 Lib.
696 2632 734 2696 de
745 2632 831 2696 Viris
848 2632 1039 2710 Illustribus‚
1056 2655 1121 2716 cap.
1138 2649 1186 2716 15,

536 2743 658 2827 Opp.ii
680 2767 711 2826 p.
729 2742 790 2830 839
813 2744 861 2807 ed.
874 2744 1007 2807 Vallars.

252 2951 550 3072 Genususo
567 2987 612 3061 oe
633 3015 706 3086 quo
729 2988 930 3087 Apostolus
952 2987 1116 3063 Paulus
1138 2988 1185 3062 ao
1207 2989 1294 3062 Pn-

248 3111 432 3211 lippenses
462 3113 622 3186 scribens
651 3113 714 3199 ait,
744 3113 838 3188 Com
867 3115 1051 3189 Clemente
1077 3129 1108 3188 ot
1140 3114 1295 3188 coeteris

248 3236 548 3334 cooperatoribus
569 3237 669 3324 mois,
688 3264 846 3335 quorum
868 3239 1022 3312 nomino
1043 3237 1187 3336 scripto
1210 3253 1293 3313 suot

250 3361 291 3433 io
317 3360 411 3435 libro
436 3360 544 3447 vitoe,
569 3373 725 3461 quartus
752 3373 837 3462 post
863 3363 1015 3437 Petrum
1040 3364 1179 3438 Romae
1206 3364 1293 3464 Epi-

247 3510 402 3584 scopus:
446 3484 626 3583 siquidem
665 3487 844 3560 secundus
881 3487 996 3560 Linus
1035 3487 1117 3575 fuit,
1160 3488 1294 3562 tertius

249 3609 477 3694 Anaoletus⁰
495 3609 644 3683 tametsi
666 3609 831 3709 plerique
854 3611 1071 3684 Latinorum
1093 3612 1292 3685 secumdum

246 3743 332 3832 post
361 3732 536 3807 Petrumd
562 3733 783 3832 Apostolum
817 3744 954 3833 putent
983 3734 1094 3809 fuisse
1124 3734 1292 3810 Clemen-

246 3865 332 3931 tem
385 3857 541 3956 Suipsit
566 3883 612 3931 ex
638 3883 792 3956 persona
813 3858 1000 3932 Romanae
1024 3857 1227 3932 Ecclesiae⁰
1244 3860 1292 3933 ad

246 3982 444 4057 Eoclesiam
471 3982 743 4057 Corinthiorum
769 3982 880 4058 valde
904 3982 1037 4057 utilem
1063 3982 1295 4083 Epistulam,f

246 4133 340 4206 quae
365 4117 404 4182 et
429 4107 468 4181 in
500 4108 687 4182 nonnullis
714 4108 801 4183 loeis
828 4107 972 4206 publioe
999 4107 1173 4207 legitur,s
1197 4134 1292 4207 quae

246 4232 337 4305 mihi
361 4231 511 4307 videtur
532 4233 731 4306 charaeteu
756 4231 944 4332 Epistolee
970 4258 1064 4331 quae
1089 4231 1157 4305 sub
1181 4233 1290 4307 Pauli

245 4355 390 4430 nomine
424 4355 471 4429 ed
501 4355 690 4431 Hebraeos
719 4357 846 4444 fertur,
876 4356 1077 4431 convenire.
1148 4356 1222 4431 Sed
1252 4368 1291 4432 et

245 4480 374 4554 multis
395 4480 440 4555 de
459 4482 587 4556 eadem
604 4480 770 4581 Epistola
795 4508 868 4555 non
893 4480 1009 4555 solum
1035 4480 1199 4555 sensibus
1225 4482 1290 4556 sed

238 4603 352 4702 juxta
374 4604 568 4678 verborum
591 4631 736 4705 quoque
762 4604 926 4678 ordinem
952 4603 1150 4679 abutitur.h
1202 4605 1289 4680 Om-

242 4729 330 4801 nino
357 4728 506 4829 grandis
532 4729 572 4802 in
598 4739 755 4828 utraque
782 4728 987 4802 similitudo
1015 4728 1092 4803 est.i
1155 4729 1290 4803 Fertur

243 4862 282 4926 et
307 4853 468 4927 secunda
492 4852 570 4952 ejus
594 4854 738 4927 nomine
756 4852 933 4952 Epistola,
952 4880 1046 4953 quae
1062 4881 1086 4928 a
1101 4854 1287 4927 veteribus

243 4978 460 5078 reprobatur
474 4977 512 5067 3¹¹
555 4990 594 5053 et
629 4978 843 5078 Disputatio
878 4980 980 5054 Petri
1018 4989 1057 5053 et
1095 4978 1286 5083 Appionis,

242 5101 350 5202 longo
376 5129 539 5177 sermone
564 5104 777 5202 oonsoripte.
794 5131 906 5203 quam
924 5102 1106 5178 Eusebius
1123 5103 1162 5177 in
1178 5100 1286 5176 textio

286 5242 355 5291 von.
373 5247 394 5290 1.
782 5228 804 5292 b
