3250 6617
353 1116 388 1179 vi
744 1112 1000 1177 MONITUM.

355 1315 429 1388 qua
468 1286 633 1360 laborant
671 1286 799 1359 Patres
837 1284 1039 1385 Apostolici
1076 1284 1252 1360 Codicum
1285 1311 1396 1357 manu

355 1415 573 1513 scriptorum
591 1411 752 1511 peninia,
770 1421 900 1510 utpote
920 1437 1075 1509 quorum
1102 1437 1175 1483 non
1195 1410 1266 1483 nisi
1291 1410 1398 1483 unico

357 1538 558 1614 Clementis
581 1537 639 1610 uti
663 1536 782 1624 liceat,
799 1546 838 1610 et
862 1536 1001 1636 Ignatii
1025 1563 1121 1610 nunc
1144 1536 1291 1609 demum
1309 1533 1398 1608 duo-

356 1664 436 1751 bus,
453 1689 608 1762 quorum
633 1661 727 1736 alter
753 1662 828 1736 fere
854 1661 1011 1735 alterum
1034 1660 1167 1746 reddit,
1188 1659 1295 1733 officii
1319 1685 1397 1732 esse

357 1789 447 1864 duxi
477 1787 586 1861 libros
611 1787 814 1887 impressos,
837 1792 1018 1887 quotquot
1044 1797 1143 1874 sunt,
1171 1786 1218 1861 ad
1249 1812 1397 1859 manum

358 1911 500 2000 habere,
531 1923 570 1987 et
598 1912 860 2010 maximaque
893 1912 997 2010 potui
1032 1938 1119 1985 cura
1151 1911 1271 1985 denuo
1305 1936 1399 1983 com·

356 2063 492 2136 parare.

407 2263 675 2337 Adnotationes
705 2287 830 2335 eorum
858 2261 923 2359 qui
949 2261 1046 2334 hisce
1072 2259 1254 2334 Ecclesiae
1275 2259 1399 2358 primi·

357 2389 456 2463 tivae
473 2388 637 2487 reliquiis
653 2387 939 2486 interpretandis
957 2412 1103 2486 operam
1119 2395 1205 2459 ante
1221 2413 1279 2460 me
1292 2385 1399 2459 dede·

357 2522 457 2600 rrmt,
474 2513 563 2586 alias
590 2513 747 2586 intactas
771 2511 914 2612 reliqui,
932 2512 1021 2585 alias
1041 2513 1080 2585 in
1100 2511 1247 2585 brevius
1263 2510 1399 2610 redegi,

357 2636 535 2736 quasdam
553 2637 764 2711 emendatas
781 2647 820 2711 et
836 2647 962 2711 auctas
987 2636 1240 2711 adscribendas
1266 2636 1399 2721 curavi,

358 2789 472 2838 novas
489 2763 645 2861 denique
661 2763 739 2862 ipse
756 2762 910 2837 subinde
926 2762 1051 2861 adjeci.

410 2987 456 3062 In
468 2987 693 3064 Clementem
706 2989 853 3063 notulas
867 2989 1043 3088 quasdam
1057 2988 1261 3075 Sanoroftii,
1273 2988 1400 3062 Archi-

360 3109 518 3209 episcopi
543 3109 630 3184 olim
653 3110 939 3197 Cantuariensis,
965 3112 1090 3186 inveni
1120 3139 1140 3186 e
1161 3111 1401 3186 Reverendis·

359 3232 442 3307 simi
470 3235 586 3333 patris
614 3233 706 3308 libro
740 3234 778 3307 in
809 3234 1027 3309 bibliotheca
1056 3235 1145 3311 Coll.
1174 3233 1399 3309 Emmanuel.

361 3356 510 3433 Cantab.
536 3357 737 3457 descriptas
763 3359 802 3431 in
827 3360 1028 3459 marginem
1054 3359 1212 3459 exempli
1233 3359 1402 3433 editionis

359 3475 510 3552 alterius
533 3476 715 3552 Fellianae
744 3478 907 3552 nuncin
938 3478 1031 3553 Bibl
1059 3478 1258 3553 Bodleiano
1281 3480 1402 3553 adser-

359 3601 447 3674 vati.
477 3599 545 3696 (8⁰.
564 3600 783 3676 Rawlinson.
803 3602 902 3701 441.)
935 3601 1047 3676 Millii
1063 3602 1401 3690 animadversiones,

361 3749 515 3822 quarum
532 3735 674 3823 partem
690 3734 839 3799 tantum
856 3726 1004 3800 dederat
1021 3726 1223 3814 Russelius
1240 3727 1403 3827 integras

361 3849 613 3947 suppeditavit
633 3849 803 3924 editionis
820 3849 1003 3924 Junianae
1029 3851 1222 3950 exemplar.
1277 3851 1401 3948 (duct.

363 3971 400 4049 S.
422 3999 451 4046 2.
475 3973 546 4071 12.)

413 4198 459 4271 In
501 4199 799 4273 adnotationibus
849 4199 897 4273 ad
939 4199 1129 4299 Ignatium
1177 4201 1405 4298 reperientur

362 4323 509 4398 notulae
551 4325 730 4423 quaedam
772 4324 983 4398 Marklandi
1017 4323 1194 4397 hactenus
1234 4324 1404 4412 ineditae,

363 4475 517 4548 quarum
559 4475 701 4522 summa
742 4448 971 4550 benignitate
1005 4449 1144 4547 copiam
1186 4448 1276 4521 mihi
1319 4448 1406 4523 fecit

362 4573 421 4646 vir
436 4572 651 4648 venerabilis
678 4575 862 4648 Martinus
880 4575 906 4649 J
908 4574 1064 4674 osephus
1087 4573 1221 4659 south,
1250 4573 1284 4649 S.
1305 4575 1343 4648 T.
1363 4575 1404 4647 P.

364 4698 519 4796 Collegii
545 4698 585 4771 B.
605 4700 742 4773 Mariae
762 4699 1002 4800 Magdalenae
1020 4701 1177 4773 Praeses.
1230 4699 1406 4773 Animad-

363 4823 545 4897 versiones
575 4823 705 4921 Toupii
735 4823 928 4897 nonnullas
962 4824 1256 4897 subministravit
1286 4852 1405 4896 exem-

364 4946 465 5046 plum
509 4948 679 5021 editionis
723 4949 945 5023 Smithianae
988 4950 1024 5021 in
1061 4950 1152 5023 Bibl.
1197 4949 1404 5023 Bodleiano.

367 5071 430 5168 (4⁰.
450 5072 668 5146 Rawlinson.
693 5075 786 5172 158.)
