3250 6617
553 1043 657 1106 VITA
681 1045 735 1106 ΕΤ
759 1044 967 1107 SCRIPTIS.
1205 1041 1282 1104 xxiii

241 1218 295 1268 tur.
326 1208 441 1268 Scilicet
455 1229 512 1266 non
527 1209 568 1267 ita
581 1210 732 1268 cohaerent
746 1210 834 1268 verba
848 1208 956 1287 Ignatii
970 1230 976 1265 :
997 1209 1065 1282 Ἐγὼ
1079 1209 1106 1263 ἰν
1120 1210 1195 1280 σαρκὶ
1208 1208 1285 1262 αὐτὸν

241 1306 304 1374 οἶδα,
319 1309 368 1367 sed
389 1309 448 1367 sic:
469 1310 536 1383 Ἐγὼ
558 1311 584 1365 ἰν
602 1313 678 1382 σαρκὶ
698 1313 773 1365 αὐτὸν
791 1307 847 1367 οἶδα
867 1311 937 1366 ὄντα.
980 1306 1045 1364 Pari
1066 1306 1152 1364 modo
1166 1304 1285 1363 Vossius

241 1407 335 1465 senior
346 1408 459 1479 erravit,
471 1407 500 1464 in
511 1407 636 1484 quodam
647 1407 812 1466 Philostrati
828 1407 890 1466 loco
904 1412 934 1464 τὸ
947 1405 1003 1464 οἶδα
1016 1406 1138 1464 reddens
1152 1404 1285 1482 pervidi,

241 1514 357 1564 notatus
376 1505 480 1563 idcirco
501 1524 518 1562 a
539 1505 572 1562 cl.
595 1505 734 1576 Fabricio,
750 1505 885 1563 Biblioth.
903 1505 1002 1563 Graec.
1017 1505 1066 1562 lib.
1083 1503 1127 1560 lv
1141 1523 1199 1578 cap.
1217 1501 1286 1559 xxiv

242 1604 256 1679 ξ
277 1623 309 1661 12
333 1623 388 1661 n.1
412 1624 439 1681 p-
453 1618 499 1677 54·
544 1603 591 1661 Sic
605 1604 738 1662 Julianus
757 1605 928 1681 Imperator,
944 1603 1025 1662 Orat.
1041 1603 1079 1674 iv,
1101 1601 1209 1673 scribit,
1231 1599 1288 1658 oua

240 1705 287 1774 μέν
299 1703 344 1758 οὖν
362 1705 542 1757 natuturam
559 1704 603 1757 τὸν
621 1703 706 1774 μέγαν.
750 1701 774 1757 E
788 1701 893 1778 quibus
907 1701 1001 1759 verbis
1021 1720 1105 1759 nemo
1126 1699 1287 1766 confecerit

241 1798 389 1856 lulianum
407 1798 568 1873 significare
586 1799 645 1856 suis
663 1808 753 1856 semet
772 1799 862 1856 oculis
876 1798 980 1857 vidisse
995 1799 1143 1857 Platonem
1158 1797 1286 1856 Philoso-

242 1894 339 1972 phum.
362 1896 468 1954 ACTA
484 1896 647 1955 ERUDIT.
664 1896 760 1954 LIPS.
804 1897 949 1974 Septemb.
965 1911 1051 1971 1713.

282 1994 378 2053 Verba
392 1993 500 2070 Ignatii
521 1995 595 2052 male
615 1994 820 2053 intellexenmt
834 1995 1010 2054 Maestraeus
1028 1996 1059 2052 in
1077 1994 1155 2054 notis
1168 1994 1205 2052 ad
1219 1993 1289 2071 Epi·

242 2094 344 2152 stolam
359 2094 476 2170 Ignatii,
492 2093 688 2152 Montacutius
701 2094 731 2150 in
747 2093 857 2171 Origiu
875 2094 980 2152 Ecclea.
993 2094 1012 2152 ii
1026 2107 1094 2167 457,
1108 2101 1138 2152 et
1154 2092 1288 2165 fluetius,

242 2191 406 2250 Demonstr.
424 2192 531 2269 Evang.
548 2193 565 2250 i.
581 2212 629 2269 pp.
646 2208 690 2266 17,
706 2197 748 2250 18.

283 2285 299 2329 k
311 2287 500 2370 incorporale]
518 2295 668 2362 σωματικόν,
683 2290 867 2366 Sophronias
902 2290 962 2348 Ubi
976 2290 1091 2348 videtur
1105 2309 1186 2347 error
1199 2288 1289 2365 irrep

242 2387 320 2461 sisse,
339 2397 370 2447 et
390 2389 542 2467 legendum
563 2392 732 2462 ἀσωμτικόν,
745 2390 933 2466 incorporale,
947 2389 1022 2448 sicut
1042 2389 1072 2447 in
1090 2387 1291 2447 vetustissimis

244 2484 414 2563 Hieronymi
425 2487 634 2564 exemplaribus
644 2495 809 2547 constanter
822 2488 936 2565 legitur,
949 2495 979 2547 et
992 2487 1066 2546 sicut
1079 2487 1174 2564 ipsum
1185 2486 1289 2545 Hiero

244 2602 362 2659 nymum
377 2584 526 2642 Prooemio
540 2585 569 2642 iu
584 2584 632 2642 lib.
649 2588 683 2643 18
699 2586 729 2643 in
744 2587 858 2644 Esaiam
876 2586 964 2644 etiam
982 2585 1085 2663 legisse
1098 2591 1225 2661 apparet,
1238 2582 1290 2642 nbi

244 2681 298 2739 ista
318 2681 463 2740 exstitisse
483 2682 514 2739 in
536 2683 693 2760 Evangelio
715 2684 927 2742 Nazaraeourm
949 2703 966 2741 a
987 2703 1018 2740 se
1039 2702 1131 2759 nuper
1150 2682 1291 2742 translato

244 2788 391 2840 memorat.
426 2781 757 2853 LEMOYNIUS,Va1-.
775 2782 851 2841 Sacr.
868 2783 887 2840 ii
901 2785 967 2853 418.

284 2875 292 2918 ¹
306 2899 355 2954 999
368 2898 412 2936 ute
425 2877 569 2960 tapetam]
585 2881 666 2939 Haec
676 2882 763 2940 verba
776 2901 828 2940 nec
842 2880 984 2938 habentur
996 2877 1072 2954 apud
1087 2875 1290 2953 Sophronium‚

244 2995 296 3034 nec
310 2975 340 3033 in
353 2977 475 3036 vetustis
489 2979 699 3055 exemplaribus
713 2979 963 3039 emendatioribus.
987 2975 1187 3035 ERASMUS.

284 3084 308 3115 ¹¹¹
322 3075 433 3131 Pacate
446 3078 498 3151 eet]
516 3075 590 3135 Acta
604 3077 738 3154 Martyrii
753 3077 861 3155 Ignatii
875 3075 1048 3153 interpolata
1061 3074 1168 3134 habent
1182 3073 1291 3134 Graece

245 3170 462 3248 Metaphrastes,
486 3193 523 3230 20
544 3175 611 3233 Dec.
638 3184 668 3234 et
692 3177 795 3234 exinde
821 3175 923 3235 Latine
948 3173 1050 3233 Sucina
1073 3181 1103 3233 et
1127 3172 1290 3238 Bollandns,

246 3268 379 3329 Calendis
404 3271 560 3331 Februar.:
591 3274 700 3332 Graece
724 3282 754 3334 et
778 3274 881 3333 Latine
906 3273 936 3330 in
959 3271 1093 3331 Patribus
1117 3272 1292 3348 Apostolicis

245 3366 414 3426 Cotelerius.
458 3369 691 3430 Sincerioradac.
704 3373 839 3431 Useerius
853 3371 883 3429 in
897 3372 989 3429 lucem
1003 3369 1124 3447 protulit
1138 3369 1240 3429 Latine
1254 3389 1292 3428 ex

245 3465 354 3543 duplici
374 3468 487 3527 diversa
507 3469 752 3548 interpretatione.
774 3491 861 3548 quam
882 3477 1035 3546 utramque
1053 3488 1070 3527 e
1091 3467 1175 3527 MSS.
1199 3467 1289 3527 Codd.

246 3586 311 3625 cnm
325 3568 402 3627 notis
416 3569 536 3629 eruditis
549 3571 678 3649 vulgavit
694 3571 725 3629 in
738 3570 906 3648 Appendioe
920 3568 1080 3647 Ignatiana,
1095 3567 1186 3626 Lond.
1205 3569 1291 3642 1⁶47,

248 3685 274 3735 4.
297 3665 395 3725 Etiam
406 3666 548 3727 Graecum
559 3667 701 3727 Actorum
711 3668 820 3746 Ignatii
836 3667 983 3744 exemplar
996 3667 1027 3724 in
1040 3665 1113 3724 Bibl.
1127 3665 1291 3737 Bodleiano,

246 3763 296 3822 sed
306 3764 544 3841 interpolatorum
554 3765 681 3843 reperit3
699 3766 796 3843 itaque
806 3767 931 3826 editione
944 3765 1096 3842 iudignum
1106 3764 1290 3824 existimavit

247 3862 328 3921 Haec
341 3883 409 3921 vero
425 3884 443 3922 a
457 3863 583 3930 Philone,
598 3863 676 3936 Caio,
691 3872 720 3924 et
734 3865 933 3942 Agathopode‚
949 3863 1093 3935 Diaconis,
1107 3863 1156 3939 qui
1176 3863 1293 3922 beatum

247 3959 355 4018 Christi
367 3960 526 4038 Martyrem
539 3981 555 4020 9
568 3961 651 4038 Syria
665 3962 793 4021 comitati
808 3970 898 4034 erant,
909 3960 1051 4038 descripta
1062 3960 1148 4018 firisse
1161 3959 1217 4017 sibi
1230 3980 1293 4037 per-

246 4058 348 4118 suadet
358 4078 367 4131 ;
388 4066 418 4118 et
436 4079 504 4118 sane
524 4060 554 4118 in
573 4060 765 4120 monumentis
783 4060 870 4136 hujus
889 4058 1001 4135 generis
1014 4057 1150 4116 videntur
1163 4077 1224 4117 esse
1237 4058 1294 4117 fide

247 4156 422 4233 dignissima
466 4157 536 4218 Post
559 4158 711 4217 Usserinm
734 4158 834 4217 eadem
855 4157 959 4217 dedere
982 4156 1137 4216 Bollandns
1161 4156 1191 4214 in
1211 4156 1294 4216 Actis

249 4253 377 4312 Sanctor.
394 4253 527 4313 Calendis
545 4255 628 4314 Febr.
644 4264 713 4315 tom.
729 4256 739 4314 i
758 4277 785 4333 p.
805 4276 840 4330 13
855 4276 896 4333 sq.
919 4263 949 4315 et
968 4255 1128 4314 Cotelerius
1148 4255 1179 4313 in
1201 4255 1294 4315 Patri·

247 4352 300 4410 bna
323 4350 506 4428 Apostolicis‚
529 4360 599 4411 tom.
617 4373 642 4410 2.
686 4354 794 4412 Graece
819 4353 941 4429 denique
965 4361 995 4411 et
1019 4352 1122 4411 Latine
1146 4372 1162 4410 e
1187 4352 1295 4412 Codice

248 4448 417 4508 Colbertino
444 4450 535 4510 edidit
558 4451 749 4512 Theudoricus
775 4451 940 4517 Ruinartus.
964 4451 995 4508 in
1020 4450 1104 4508 Actis
1131 4450 1294 4527 Martyrum

249 4546 376 4619 Selectis,
391 4547 478 4606 Paris.
496 4550 580 4623 1689,
593 4569 620 4620 4.
661 4548 758 4626 Atque
771 4548 839 4607 inde
854 4548 873 4605 J
875 4568 900 4607 o.
917 4548 1055 4607 Ernestns
1070 4548 1175 4621 Grabe,
1189 4555 1259 4606 tom.
1276 4567 1292 4605 2

249 4645 396 4724 Spicilegii
411 4646 538 4719 Petrum,
553 4646 645 4706 Oxou.
667 4650 751 4723 1699,
765 4652 790 4706 8.
807 4667 871 4725 pag.
889 4667 916 4721 9.
951 4646 1021 4705 Tho.
1039 4646 1167 4723 Ittigins,
1182 4646 1212 4704 in
1227 4645 1295 4704 Bib-

249 4743 370 4803 liotheca
398 4745 518 4803 Patrum
542 4745 716 4822 Apostolica,
746 4746 822 4823 Lips.
851 4747 936 4821 1699,
962 4748 989 4816 8,
1017 4765 1050 4803 ac
1077 4745 1199 4822 denique
1223 4744 1294 4803 Tho.

250 4842 381 4902 Smitbns
398 4843 436 4901 ad
453 4843 559 4902 calcem
574 4845 769 4922 Epistolarnm
782 4844 900 4922 Ignatii,
916 4844 1010 4903 Oxon.
1028 4857 1115 4918 1709,
1131 4865 1158 4915 4.
1200 4843 1237 4901 In
1251 4843 1297 4901 hie

249 4939 331 4999 Actis
346 4941 476 5019 Epistola
490 4942 599 5019 Ignatii
611 4943 649 5001 ad
663 4944 808 5001 Romanos
825 4941 933 5001 Graece
951 4941 1060 5000 sincere
1082 4941 1195 5019 legitur,
1210 4960 1298 5018 quam

252 5039 281 5096 in
296 5039 426 5098 Mediceo
440 5039 546 5099 Codice
560 5041 694 5099 omissam
707 5041 805 5099 videre
820 5048 970 5118 optaverat
983 5040 1023 5098 Is.
1039 5040 1166 5112 Vossius,
1181 5047 1297 5100 conten·

250 5144 299 5195 tus
318 5137 435 5196 interim
456 5138 657 5216 interpolatam
678 5160 715 5198 ex
729 5140 820 5199 veteri
834 5140 963 5198 versione
978 5139 1081 5196 Latina
1102 5159 1247 5197 recensere
1267 5146 1296 5197 et

252 5236 397 5314 castigare.
421 5236 648 5296 FABRICIUS.
