3250 6617
501 1053 564 1118 AD
587 1052 877 1132 CORINTHIOS,
892 1052 991 1117 xlviii.
1204 1055 1269 1121 217

228 1223 363 1325 gaudio
385 1224 434 1298 ad
458 1251 524 1299 nos
546 1225 649 1299 brevi
672 1224 861 1312 remittite,
885 1232 929 1297 ut
956 1223 1064 1298 citius
1083 1222 1180 1297 votis
1205 1249 1267 1296 ex-

227 1340 367 1440 petitae
385 1350 424 1413 et
440 1339 700 1415 desiderandae
716 1350 861 1414 vestrae
879 1340 977 1439 pacis
1001 1367 1042 1414 ac
1059 1339 1267 1414 concordiae

228 1461 402 1534 nuntium
435 1460 613 1548 adferant,
647 1471 687 1534 et
712 1487 779 1534 nos
812 1460 858 1534 de
892 1469 994 1533 statu
1019 1470 1141 1533 vestro
1169 1469 1267 1533 recte

230 1576 396 1651 ordinato
413 1576 522 1651 citius
544 1576 777 1677 gaudeamus,

280 1692 411 1767 Gratia
429 1692 577 1767 Domini
601 1693 717 1766 nostri
733 1691 759 1767 J
761 1720 826 1767 esu
843 1692 982 1767 Christi
1006 1692 1056 1764 sit
1071 1691 1268 1779 vobiscum,

231 1819 368 1883 etcum
384 1809 563 1883 universis
579 1809 716 1908 ubique
732 1836 756 1883 a
773 1809 853 1883 Deo
867 1819 905 1882 et
923 1836 987 1907 per
1004 1835 1088 1881 eum
1105 1809 1266 1898 vocatis3

230 1952 296 2025 per
311 1953 420 2025 quem
438 1926 491 2000 'illi
507 1926 557 2000 sit
572 1925 696 2025 gloria,
713 1925 836 2012 honor,
850 1936 1021 2024 potestas,
1034 1926 1215 2026 majestas,
1229 1935 1268 2000 et

230 2042 428 2117 dominatio
453 2043 683 2142 sempiterna,
700 2068 723 2115 a
744 2042 896 2117 saeculis
919 2043 958 2116 in
981 2043 1123 2118 saecirla
1145 2070 1266 2118 saecu-

229 2157 355 2234 lorum.
406 2160 536 2234 Amen.

423 2442 594 2513 Clementis
616 2442 656 2506 ad
677 2441 858 2506 Corinthios
881 2440 1023 2525 Epistola
1045 2440 1071 2503 l.

231 2752 285 2803 m,
298 2729 374 2806 quod
388 2729 473 2807 longe
489 2729 591 2788 melius
609 2728 729 2787 arbitra·
770 2730 823 2784 ὄντι
850 2731 913 2783 καλὰ
940 2730 1055 2800 φαίνεται
1082 2730 1180 2801 ἥδιστα,
1207 2733 1266 2804 παρ’

232 2816 281 2869 tur
295 2810 416 2869 Boisius.
770 2812 847 2865 αὐτοῦ
870 2812 897 2865 δι’
918 2812 1046 2881 πορίζεται
1064 2810 1093 2865 ὃν
1107 2812 1181 2866 ποθεῖ
1204 2836 1264 2885 καρ-

273 2910 299 2967 3.
327 2888 549 2971 ἆπαῃελλααιν]
585 2891 633 2950 Ita
665 2909 731 2949 cum
769 2894 827 2963 πόν,
854 2892 899 2962 τὴν
925 2894 969 2961 τῆς
994 2893 1083 2963 ψυχῆς
1111 2894 1265 2950 εὐστάθειαν.

233 2972 302 3031 Cod
334 2972 421 3033 MSto
455 2972 582 3031 Wotton.
619 2973 728 3030 Russel.
771 2970 814 3029 Ib.
835 2971 912 3047 §25,
933 2991 960 3048 p.
978 2972 1202 3045 637,δικαιοσῦνη
1223 2975 1267 3030 οὖν

232 3054 361 3113 Gnlland.
398 3053 598 3113 Schoenenlan.
637 3054 726 3112 Hefel.
768 3055 840 3109 ε’στὶν
853 3054 934 3126 εἰρήνη
947 3055 1007 3118 βίον
1021 3056 1060 3109 καὶ
1073 3056 1213 3112 εὐστάθεια.

233 3135 407 3213 Reithmayr.
424 3143 453 3195 et
468 3135 633 3193 Dresselius.
660 3134 730 3193 Cae-
815 3153 857 3191 10.
879 3135 1021 3205 Κλήμεντος
1035 3158 1058 3190 ιι.
1072 3160 1095 3190 τ.
1110 3137 1149 3208 h]
1167 3135 1266 3195 Codex

231 3217 286 3277 teri
306 3220 495 3292 α’παγγιλωσιν,
511 3237 595 3294 quam
609 3216 730 3274 formam
770 3214 873 3273 MStus
893 3214 966 3272 hanc
987 3216 1160 3292 epigraphen
1184 3237 1264 3293 prae-

227 3298 290 3377 jsm
300 3306 446 3359 amam
456 3298 586 3357 librarius
595 3297 727 3356 correxit
769 3302 836 3365 stat,
850 3297 885 3353 ab
903 3296 1068 3354 Editoribus
1089 3298 1265 3371 omnibus,si

273 3401 299 3453 4.
321 3384 380 3454 περὶ
399 3385 444 3453 τῆς
462 3376 619 3459 εὐπαθείας]
646 3378 726 3437 Cous.
768 3376 895 3435 Wotton.
923 3378 1014 3435 Hefel.
1040 3378 1215 3456 Reithmayr.
1236 3389 1266 3440 et

232 3460 321 3521 Clem
347 3462 429 3520 Alex
453 3462 558 3521 Strom.
579 3460 610 3518 iv
632 3480 678 3535 23,
699 3479 726 3536 p.
769 3458 944 3516 Dresselium
977 3458 1110 3536 excipias,
1142 3470 1265 3537 praetcr-

233 3544 290 3619 632
312 3544 355 3603 ed.
377 3543 484 3603 Potter.
505 3542 570 3599 οὕτω
590 3544 674 3599 τοίνυν
692 3546 728 3617 τῷ
768 3540 892 3598 missam.
