3250 6617
477 1058 536 1122 DE
559 1059 592 1122 S.
609 1057 788 1123 IGNATII
811 1056 1065 1139 EPISTOLIS„
1182 1055 1281 1120 xxxix

244 1238 265 1268 “
280 1252 357 1308 rem,
378 1234 446 1294 tam
467 1237 587 1295 certum
608 1239 685 1315 puto
710 1253 805 1315 quam
832 1251 882 1293 me
906 1230 983 1294 baec
1008 1227 1174 1293 scribere.''
1218 1226 1283 1290 Hic

242 1354 317 1396 sane
346 1355 459 1416 purum
488 1340 602 1418 putum
635 1333 823 1398 Salmasium
858 1332 1018 1397 habemus.
1077 1331 1130 1395 Ad
1157 1337 1283 1415 tempus

242 1442 349 1499 autem
378 1436 461 1520 quod
490 1436 616 1514 attinet,
644 1437 847 1520 impostorem
877 1436 986 1500 eodem
1015 1457 1087 1500 cum
1111 1432 1282 1498 Valentino

242 1538 358 1603 vixisse
387 1540 582 1624 suspicatur;
619 1540 803 1625 imperante,
832 1538 993 1617 nimirum,
1022 1537 1197 1614 Antonino,
1227 1542 1283 1600 aut

242 1649 326 1706 certe
341 1642 400 1706 sub
415 1644 525 1708 Marco
540 1644 677 1709 Aurelio.
731 1646 838 1727 Atque
859 1643 934 1707 baec
955 1648 1003 1706 est
1020 1664 1144 1706 summa
1157 1644 1282 1704 senten-

242 1743 305 1808 tiae
321 1745 540 1809 Salmasianae.
578 1747 651 1830 Ipse
666 1753 771 1811 autem
786 1768 884 1830 quum
899 1745 975 1808 haec
988 1744 1023 1807 in
1037 1746 1201 1827 Apparatu
1215 1745 1283 1804 tam

242 1855 368 1912 strenue
382 1848 572 1927 asseruisset,
581 1849 615 1912 in
629 1849 697 1933 ipso
708 1870 799 1933 opere
814 1848 1001 1912 auctoritate
1010 1845 1130 1930 Ignatii
1145 1844 1281 1929 saepius·

243 1950 311 2015 cule
346 1950 458 2013 utitur.
518 1950 607 2016 Quae
641 1975 738 2036 quum
767 1951 898 2015 vidisset
926 1949 1076 2014 Claudius
1110 1947 1282 2025 Sarravius,
1294 1968 1430 2019 emm

242 2075 349 2117 aurem
366 2053 516 2118 Salmasio
531 2055 620 2118 vellit
639 2062 672 2119 et
689 2054 905 2120 admonuit:‘
906 2054 1004 2118 ‘Non
1023 2053 1135 2138 placet,
1150 2051 1233 2136 quod
1247 2072 1284 2114 ea

243 2155 313 2218 “in
343 2157 507 2240 Apparatu
535 2157 651 2241 culpes,
677 2181 756 2243 quac
783 2158 819 2222 in
846 2157 914 2242 ipso
943 2178 1035 2271 opere
1063 2154 1181 2219 laudae.
1235 2151 1284 2215 De

243 2267 264 2297 “
281 2258 458 2374 Ignatianis
487 2259 638 2343 Epistolis
672 2259 826 2344 intelligo,
857 2282 934 2343 quas
963 2258 997 2322 in
1025 2259 1200 2341 Apparatu,
1229 2254 1283 2339 qui

242 2370 264 2401 “
279 2362 363 2446 prior
376 2362 504 2445 legitur,
516 2362 677 2426 merito
643 2388 694 2442 της
709 2365 824 2430 νοθείας
837 2360 987 2426 revincis:
1009 2366 1042 2424 et
1056 2365 1163 2423 tamen
1177 2381 1283 2422 earum

243 2465 466 2529 “auctoritate
484 2471 593 2548 postea
613 2464 802 2549 saepiuscule
824 2465 931 2543 uteris,
946 2463 1035 2549 quasi
1053 2468 1158 2526 essent
1177 2461 1282 2546 legiti-

242 2576 264 2606 “
280 2590 360 2646 mae,
383 2590 439 2632 nec
460 2569 573 2632 titulus
595 2574 753 2633 auctorem
775 2568 971 2632 mentiretur.
1017 2566 1138 2631 Saltem
1161 2565 1200 2629 de
1222 2564 1283 2628 ista

243 2679 264 2709 “
278 2677 336 2735 tua
363 2671 536 2736 sententiae
565 2671 739 2736 mutatione
769 2671 887 2756 aliquid
916 2669 1156 2755 significasses.”
1180 2668 1281 2753 Epist.

242 2797 273 2858 p.
305 2775 375 2838 181.
436 2774 534 2853 Haec,
563 2775 683 2860 opinor,
713 2775 747 2838 in
783 2774 938 2852 Sarravio,
968 2774 1105 2838 maximo
1138 2771 1283 2836 Salmasii

243 2879 468 2963 hyperaspista,
483 2878 579 2942 etiam
600 2878 646 2941 illi
668 2878 747 2942 ferre
768 2883 910 2962 possunt,
925 2877 980 2961 qui
1001 2877 1108 2941 eadem
1130 2876 1164 2940 in
1180 2876 1282 2940 Ham·

243 2982 357 3046 mondo
371 3004 435 3045 non
450 2981 565 3044 ferunt.

286 3083 391 3146 David
405 3083 501 3147 etiam
516 3083 708 3161 Blondellus,
724 3089 761 3148 ut
774 3084 841 3168 ipse
854 3083 889 3146 in
903 3081 1099 3147 Praefatione
1110 3080 1282 3165 Apologiae
1293 3099 1446 3151 Blondellur.

248 3186 511 3272 [Amstel.1646]
546 3186 674 3265 fatetur,
704 3187 936 3272 quamprimum
970 3185 1180 3270 Epistularum
1218 3183 1282 3269 pri·

242 3312 332 3354 orum
355 3289 417 3353 Sex
439 3288 565 3353 Issacus
585 3288 716 3353 Vossius
738 3289 860 3373 copiam
883 3288 969 3367 fecit,
991 3310 1042 3352 eas
1063 3287 1163 3353 avidis
1187 3287 1284 3352 oculis

242 3391 358 3471 bausit,
381 3414 478 3455 manu
500 3391 624 3476 propria
651 3391 825 3476 descripsit,
849 3413 921 3455 cum
945 3390 1051 3455 citatis
1076 3413 1096 3454 a
1115 3389 1284 3455 Veteribus

242 3495 317 3560 locis
347 3495 485 3559 studiose
512 3494 660 3573 contulit,
689 3495 810 3559 saeculo
843 3500 950 3560 nostro
982 3493 1170 3579 gratulatus,
1199 3494 1284 3579 quod

242 3597 321 3662 illud
342 3598 447 3682 ipsum
468 3596 635 3681 exemplar,
651 3620 712 3681 quo
730 3603 803 3662 ante
822 3617 904 3683 1300
922 3619 1021 3661 annos
1040 3619 1115 3661 usus
1136 3602 1204 3660 erat
1217 3597 1283 3660 Eu·

243 3701 357 3780 sebius,
371 3723 487 3766 novam
509 3700 569 3784 ipsi
590 3700 768 3785 propediem
786 3701 966 3764 affulsuram
986 3700 1088 3764 lucem
1108 3700 1283 3783 sponderet.

244 3805 307 3869 Sed
327 3810 494 3889 postquam
516 3803 683 3867 attentiore
704 3803 809 3867 animo
832 3803 1027 3888 singularum
1049 3808 1082 3867 et
1103 3802 1230 3887 phrasin
1252 3808 1285 3867 et

243 3907 407 3971 materiam
436 3912 469 3970 et
498 3906 640 3970 ordinem
669 3906 828 3990 expendit,
857 3905 1053 3970 blandientes
1087 3909 1180 3969 antea
1215 3927 1284 3989 spes

243 4010 444 4096 pudibundus
472 4009 604 4094 abjicere
633 4014 768 4087 coactus,
794 4008 894 4072 bonae
919 4009 1051 4072 Patmm
1078 4007 1152 4072 fidei
1180 4007 1283 4091 impu-

241 4113 353 4178 denter
375 4112 503 4176 illusum
525 4111 636 4189 doluit,
658 4117 692 4176 et
713 4111 908 4196 argumentis
930 4110 1116 4197 quibusdam
1137 4133 1157 4174 a
1178 4110 1284 4195 priori,

242 4238 337 4302 quam
352 4215 390 4279 de
405 4214 584 4299 Ignatianis
599 4213 749 4298 Epistolis
768 4213 946 4293 imbiberat,
962 4214 1106 4299 opinione
1126 4214 1283 4299 depulsus,

242 4340 294 4382 eas
308 4340 416 4382 omnes
430 4316 644 4401 supposititias
663 4316 786 4381 credere
806 4323 931 4383 coactus
950 4323 1008 4382 est.
1054 4317 1163 4402 Ipsum
1178 4324 1284 4383 autem
1340 4345 1342 4348 ·

241 4420 455 4504 impostorem,
470 4419 525 4504 qui
540 4419 661 4502 Ignatii
676 4419 831 4504 Martyris
850 4442 966 4484 nomen
985 4420 1123 4505 Septem,
1138 4418 1284 4499 Eusebio,

242 4522 427 4601 Athanasio,
453 4523 648 4607 Hieronymo
671 4521 818 4602 laudatis,
840 4522 991 4607 Epistolis
1014 4522 1168 4607 appinxit,
1190 4523 1284 4607 longe

241 4632 315 4711 post
329 4649 447 4690 annum
465 4625 671 4690 centesimum
685 4625 960 4710 quadragesimum
976 4632 1133 4710 quartum,
1148 4626 1284 4710 adeoque

241 4734 314 4813 post
337 4727 509 4793 Clementis
530 4727 748 4806 Alexandrini,
770 4734 840 4792 toto
865 4728 929 4792 fere
954 4727 1131 4793 centenario
1154 4727 1284 4813 Ignatio

241 4830 430 4915 posterioris,
446 4830 578 4909 obitum,
593 4830 744 4915 prodiisse
758 4831 867 4895 tradit.

285 4935 465 5050 Antequam
491 4934 567 4998 haec
593 4957 613 4999 a
634 4933 796 4998 Blondello
823 4933 998 5012 ederentur,
1020 4940 1187 5019 postquam
1209 4955 1283 4998 vero

241 5037 281 5101 ab
304 5036 459 5121 opinione,
481 5060 576 5121 quam
601 5060 619 5102 e
641 5036 785 5101 Medicec
808 5036 922 5102 Codice
945 5036 1083 5152 primum
1105 5036 1282 5114 imbiberat,
1272 5084 1346 5141 'Gro
1346 5094 1404 5143 tius

241 5139 388 5222 depulsus
409 5144 468 5217 est,
490 5139 646 5205 sententia
668 5140 733 5224 ejus
757 5138 890 5226 Hugoni
906 5139 1029 5218 Grotio,
1044 5139 1111 5205 viro
1133 5138 1281 5217 maximo,
1297 5156 1368 5221 ¹⁶43·
