3250 6617
569 1116 624 1179 ΕΤ
648 1116 984 1181 FORMULARUM.

253 1271 350 1341 ε’βλήθη
375 1272 409 1328 εἷς
435 1274 529 1327 λάκκον
549 1275 659 1328 λεόντων
670 1291 678 1342 ;
712 1287 757 1344 45.

253 1355 367 1411 πολλοὺς
388 1354 424 1409 είς
450 1354 557 1419 ἀθυμίαν
579 1355 678 1417 ἔβαλεν.
712 1354 757 1424 46.

253 1436 302 1502 ἔξω
326 1438 450 1500 βολλεται
472 1440 517 1488 τοῦ
539 1436 653 1490 σταδίου.
678 1433 710 1491 II
732 1448 757 1508 7.

253 1519 289 1573 είς
302 1518 346 1587 τήν
360 1519 461 1586 κάμινον
473 1520 519 1570 τοῦ
532 1518 612 1588 πυρός
632 1519 693 1572 αὐτὸ
711 1522 758 1583 βα-

253 1601 313 1653 λεῖν.
338 1600 364 1654 8.

215 1681 351 1736 Βάνουσας.
394 1680 466 1733 οὐδὲν
481 1681 612 1744 βάναυσον
626 1681 653 1734 ίν
665 1681 757 1752 άγάπη.

255 1759 344 1817 Clem.
362 1759 438 1833 149.

215 1844 353 1910 Βαπτίζειν,
395 1842 424 1899 ὃς
447 1841 571 1914 ἐγεννήθη,
594 1845 634 1897 καὶ
654 1843 759 1905 ε’βαπτί-

217 1976 219 1979 ,
255 1925 312 1992 σθη.
330 1922 393 1999 Ign.
411 1921 481 1998 Eph.
497 1924 540 1979 18.
583 1926 759 1995 βεβαπτισμέ-

255 2007 359 2061 νονῦπδ
372 2005 493 2060 Ἰωάννου.
517 2004 629 2080 Smym
650 2024 672 2061 1.
710 2008 761 2060 Οὐκ

255 2088 313 2155 ε’ξόν
339 2088 410 2141 ε’στιν
436 2089 514 2157 χωρὶς
540 2091 586 2140 τοῦ
620 2089 761 2142 ἐπισκόπου

254 2173 312 2223 οὔτε
326 2169 462 2234 βαπτίζειν.
487 2168 512 2223 8.

215 2252 355 2318 Βάπτισμα
398 2252 442 2303 ἐὰν
454 2249 488 2317 μή
501 2249 649 2321 τηρήσωμεν
663 2253 693 2303 τὸ
713 2252 762 2314 βά-

254 2353 353 2401 πτισμα
376 2335 457 2402 ἁγνόν.
489 2328 577 2387 Clem.
602 2328 636 2386 II
659 2332 684 2386 6.
727 2334 761 2385 Τό

254 2415 388 2480 βάπτισμα
416 2413 484 2481 ὑμῶν
510 2414 603 2481 μενέτω
626 2415 659 2470 ὡς
683 2412 759 2468 ὅπλα.

257 2490 318 2568 Igu.
338 2492 430 2567 Polyc.
449 2494 474 2548 6.

216 2580 312 2646 Βαρεῐν.
355 2576 394 2629 ὅτι
414 2576 530 2646 ε’βάρησά
550 2598 605 2629 τινα
625 2577 652 2630 έν
671 2580 759 2650 μικρῷ.

256 2655 319 2732 Igu.
336 2654 444 2712 Philad.
461 2656 486 2713 6.

216 2738 303 2810 Βαρῦς.
346 2736 387 2793 ἵνα
408 2739 442 2807 μή
464 2739 588 2806 κοιμηθεὶς
612 2738 694 2810 βαμύς
714 2761 762 2793 τινι

255 2820 371 2891 γίνωμαι.
393 2818 455 2894 Igu
473 2818 554 2875 Rom
572 2840 598 2889 4.

217 2905 368 2969 Βασανίξειν.
405 2904 473 2972 ἔρις.
488 2947 492 2956 .
508 2901 542 2970 .ή
560 2902 680 2970 δυναμένη
699 2903 763 2972 ῦμιῖς

255 2985 403 3047 βασανίσαι.
424 2982 487 3058 Igu.
503 2980 575 3058 Eph.
593 2983 618 3038 8.
643 2983 669 3037 έν
683 2985 761 3053 ε’κείνη

255 3067 356 3137 τῇόνρη
375 3068 576 3133 βασανιζόμεναι.
600 3062 684 3121 Mart.
706 3063 759 3121 Po·

256 3145 308 3220 lye.
332 3165 356 3201 2.
400 3147 435 3200 ὧν
456 3149 485 3200 τὸ
512 3145 597 3217 ἕτερον
623 3149 760 3214 βασανιζό-

255 3250 330 3296 μενον
343 3230 516 3298 όιμολόγησεν.
540 3228 565 3283 6.

217 3308 386 3377 Βασανςστής.
428 3311 459 3362 τό
477 3312 528 3378 πῦρ
543 3313 649 3364 ...τῶν
661 3309 763 3377 άπηνῶν

256 3392 426 3454 βασανιστῶν.
451 3387 647 3463 Ματ1.ΡοΙγα.
666 3406 689 3443 2.

217 3472 337 3528 Βάσανυς.
378 3472 458 3527 αίκίας
471 3472 511 3524 καὶ
523 3474 653 3534 βασάνους
667 3470 707 3524 διὰ
721 3474 762 3540 ζή-

256 3553 304 3604 λον
316 3552 445 3608 παθόντες.
470 3549 560 3608 Clem.
576 3550 633 3606 16.
677 3552 763 3621 ήλίκην

256 3633 310 3702 ἔχει
333 3633 479 3702 βάσανσνή
501 3634 587 3688 ἐνθάδε
610 3633 760 3690 άπόλανσις.

258 3711 291 3768 Π
311 3732 353 3769 10.
389 3721 439 3768 τῶν
453 3719 578 3784 κοσμικῶν
592 3717 763 3784 κατεφρόνουν

192 3844 201 3861 ,
256 3798 384 3860 βασάνων.
407 3794 492 3853 Mam
509 3793 603 3870 Polye.
622 3814 646 3852 2.
682 3798 762 3850 ποικί-

256 3881 313 3935 λαις
325 3880 449 3943 βασάνοις
462 3880 663 3948 κολαφιζόμενοι.
686 3875 723 3934 ib.

218 3961 345 4014 Βασιλεία.
389 3961 605 4032 εὐαγγελιζόμενοι
625 3960 671 4028 τήν
686 3962 764 4024 βασι-

256 4043 327 4095 λείαν
345 4044 390 4094 τοῦ
414 4046 487 4096 θεοῦ.
512 4039 600 4097 012111
617 4039 633 4096 Ι
648 4059 694 4112 42.
738 4044 764 4099 ίν

257 4127 287 4191 τῇ
315 4125 439 4191 ἐπισκοπῇ
474 4125 518 4192 τῆς
551 4125 688 4189 βασιλείας
719 4129 765 4178 τοῦ

257 4208 377 4274 Χριστοῦ.
402 4219 447 4276 50.
490 4204 631 4261 ἀνάπαυσις
644 4207 688 4273 τῆς
701 4209 762 4274 μελ-

257 4287 354 4355 λούσης
366 4287 507 4351 βασιλείας.
532 4283 564 4341 Π
579 4298 606 4357 5.
637 4286 706 4342 όπως
720 4286 765 4340 ἕλ-

258 4368 340 4438 θωμεν
352 4369 444 4424 πάντες
458 4368 493 4424 είς
510 4368 555 4438 τήν
569 4368 706 4433 βασιλείαν
718 4372 765 4422 τοῦ

257 4455 330 4505 θεοῦ.
355 4467 380 4522 9.
423 4448 605 4518 είσήξομενείς
625 4449 670 4516 τὴν
687 4451 764 4512 βασι-

257 4533 328 4585 λείαν
361 4532 447 4586 αὐτοῦ.
483 4548 526 4586 11.
589 4530 765 4601 Ἐκδιχιύμεθα

257 4611 302 4667 οὐν
329 4610 382 4666 καθ’
404 4611 473 4683 αἳραν
492 4614 537 4681 τὴν
563 4612 699 4676 βασιλείαν
719 4617 765 4667 τοῦ

259 4699 331 4748 θεοῦ.
358 4711 400 4748 12.
445 4696 511 4747 Πότε
525 4693 579 4762 ἥξει
597 4694 675 4747 αὐτοῦ
688 4693 703 4762 ή
716 4697 764 4759 βα-

259 4778 353 4830 σιλεία.
382 4772 419 4830 ib.
463 4776 494 4828 01
518 4774 667 4846 οίκοφθόραι
687 4778 764 4839 βασι-

259 4858 330 4913 λείαν
359 4860 425 4910 θεοῦ
458 4857 487 4909 οὐ
521 4854 763 4927 κληρονομήσουσιν.

260 4936 323 5014 Igu.
340 4935 413 5012 Eph.
434 4937 475 4993 16.
525 4938 621 4992 παλαιά
643 4939 765 5001 βασιλεία

260 5021 424 5094 διεφθείρετο.
450 5036 493 5091 19.
535 5022 561 5073 αί
574 5020 706 5083 βασιλεῖαι
720 5022 766 5073 τοῦ

259 5103 348 5160 αι’ὣνος
372 5099 473 5156 τοῦτου.
506 5098 589 5156 Rom.
616 5099 643 5155 6.
690 5103 767 5164 βασι·

261 5187 332 5240 λείαν
348 5186 414 5238 Θεοῦ
432 5183 462 5236 οὐ
478 5184 632 5253 κληρονομεῖ.
657 5178 764 5237 Ρ111111ό.

262 5283 288 5337 3.
331 5265 467 5331 βασιλείαν
480 5267 547 5318 θεοῦ
563 5261 766 5335 κληρονομήσου-

262 5371 312 5404 σιν.
335 5345 429 5422 Polyc.
447 5342 516 5401 Phil.
535 5357 560 5415 5.
604 5345 697 5417 ε’ννάτφ
718 5344 768 5397 ίτει

1306 1122 1348 1188 29

841 1276 885 1342 τῆς
899 1275 975 1328 αὐτοῦ
987 1275 1130 1338 βασιλείας.
1147 1273 1232 1333 Mart.
1244 1274 1306 1353 Igu
1321 1295 1347 1334 2.

842 1353 930 1424 αὐτῆς
949 1357 1084 1421 βασιλείας
1102 1357 1211 1426 ὀναίμην.
1234 1356 1271 1415 ib.
1314 1361 1350 1416 είς

841 1437 886 1505 τήν
899 1437 998 1491 αἰώνων
1013 1438 1089 1491 αὐτοῦ
1102 1441 1246 1502 βασιλείαν.
1261 1438 1347 1498 Mart.

842 1514 936 1592 Polye.
956 1535 1001 1572 20.
1044 1523 1071 1573 ὲν
1084 1522 1114 1588 τῇ
1128 1522 1249 1592 βασιλείᾳ
1263 1522 1350 1590 Ἰησοῦ

841 1605 963 1669 Χριστοῦ,
988 1617 1033 1654 22.
1087 1602 1132 1669 τήν
1145 1604 1260 1674 οὐράνιον
1272 1606 1350 1668 βασι·

841 1681 912 1734 λείαν
921 1682 1006 1738 αὐτοῦ.
1026 1679 1064 1737 ib.

801 1763 945 1817 Βασίλειον.
974 1763 1010 1819 είς
1026 1767 1055 1817 τὸ
1069 1765 1204 1827 βασίλειον
1216 1769 1262 1819 τοῦ
1275 1770 1348 1820 θεοῦ.

843 1840 932 1900 Clem.
949 1841 982 1899 II
998 1845 1024 1900 6.

802 1924 958 1980 Βασιλεῦειν.
1000 1925 1015 1995 ή
1036 1926 1184 1991 βασιλεύειν
1204 1931 1255 1982 τῶν
1272 1931 1350 2001 περά-

842 2028 892 2060 των
912 2009 956 2075 τής
973 2010 1028 2079 γῆς.
1051 2005 1114 2081 lgn.
1131 2008 1214 2064 Rom.
1231 2009 1257 2064 6.
1299 2013 1349 2075 βα·

843 2087 990 2145 σιλεῦαντος
1003 2088 1031 2142 δέ
1045 2089 1080 2145 είς
1093 2090 1151 2145 τούς
1165 2091 1254 2148 αίῶνας
1265 2088 1350 2159 Ἰησοῦ

842 2173 962 2240 Χριστοῦ.
985 2167 1070 2226 Mart.
1087 2166 1181 2246 Polyc.
1200 2188 1245 2226 αι.

802 2250 936 2306 Βασιλεύς.
965 2253 1057 2322 Φαραὼ
1070 2252 1200 2315 βασιλέως
1213 2252 1349 2325 Αίγύπτου.

843 2329 932 2388 (116111.
950 2329 1006 2401 14.
1050 2334 1099 2386 ὐπὸ
1118 2334 1201 2388 Σασύλ
1221 2335 1350 2398 βασιλέως

842 2412 946 2484 Ἰσραήλ
966 2414 1081 2484 ε’διόιχθη.
1103 2411 1140 2469 ib.
1182 2417 1246 2487 ἔγνω
1265 2418 1280 2468 ό
1300 2419 1349 2481 βα·

843 2496 931 2552 σιλεύς
944 2497 988 2563 τῆς
1001 2498 1055 2567 γῆς.
1075 2512 1118 2549 12.
1147 2495 1351 2552 Ἐπισταθίντων

843 2576 871 2630 δέ
884 2581 935 2630 τῶν
946 2578 1014 2647 παρὰ
1027 2580 1073 2630 τοῦ
1084 2577 1221 2638 βασιλέως.
1248 2576 1285 2634 ib.
1322 2579 1351 2647 ἐξ

843 2659 920 2712 αὐτοῦ
940 2660 1066 2722 βασιλεῖς,
1088 2660 1128 2712 καὶ
1148 2659 1278 2730 ἄρχοντες.
1302 2678 1349 2732 32.

843 2740 875 2793 τά
903 2740 1091 2808 ἐπιτασσόμενα
1117 2741 1166 2794 ὐπὸ
1193 2744 1238 2795 τοῦ
1271 2743 1350 2804 βασι-

843 2821 914 2877 λέως.
939 2832 985 2891 37.
1042 2822 1137 2876 πολλοί
1165 2824 1285 2886 βασιλεῖς
1312 2825 1352 2878 καί

843 2901 982 2973 ήγοάμεναι.
1006 2914 1052 2973 55.
1095 2909 1217 2974 Τραϊανοῦ
1237 2909 1283 2959 τοῦ
1301 2907 1350 2969 βα-

844 2985 945 3040 σιλέως.
963 2981 1049 3039 Mart.
1066 2980 1130 3058 Ign.
1149 3000 1173 3039 2.
1206 2986 1353 3057 ἐπουράνιον

843 3066 964 3129 βασιλέα.
993 3063 1030 3121 ib.
1086 3068 1278 3137 βλασφημῆσαι
1308 3070 1354 3122 τόν

843 3148 955 3210 βασιλέα
968 3169 1026 3216 μου.
1044 3145 1129 3202 Mart.
1148 3146 1241 3223 Polyc.
1260 3168 1285 3221 9.
1311 3150 1353 3202 εὐ-

844 3229 912 3284 νοίας
927 3274 931 3283 .
945 3277 949 3281 .
965 3228 1018 3284 ,είς
1031 3231 1075 3282 τόν
1088 3228 1152 3282 ἰ’διον
1164 3230 1283 3293 βασιλέα.
1306 3243 1350 3302 17.

804 3311 949 3365 Βασιλικός.
978 3311 1117 3381 όλουργίδα
1127 3312 1271 3380 βασιλικήν.
1287 3310 1350 3387 Ign.

845 3388 957 3464 Fragm.
975 3388 992 3444 i.

804 3473 957 3526 Βασκαίνειν.
996 3469 1124 3525 Οὐδέποτε
1138 3473 1294 3536 ε’βασκάνατε
1308 3475 1351 3527 οὐ·

844 3553 909 3606 δένα.
924 3551 987 3627 Ign.
1004 3549 1086 3606 Rom.
1104 3569 1129 3624 3.

804 3635 940 3689 Βοσκανία.
971 3635 1096 3688 Βασκανία
1111 3635 1137 3687 ἐν
1150 3635 1208 3702 ὑμῖν
1220 3636 1253 3704 μή
1268 3657 1351 3689 κατοι·

844 3716 925 3769 κείτω.
948 3712 1154 3789 1811301117.

803 3799 940 3853 Βάσκανας.
969 3797 999 3850 '0
1013 3797 1041 3849 δὲ
1055 3795 1186 3864 άντίζηλσς
1201 3799 1241 3851 καί
1254 3798 1353 3862 βάσκα-

845 3900 893 3934 νος.
917 3876 1003 3934 Mart.
1020 3875 1114 3953 Polyc.
1131 3889 1175 3947 17.

806 3961 949 4026 Βαστάζειν.
992 3961 1032 4014 καὶ
1045 3963 1123 4013 ταῦτα
1138 3961 1283 4030 βαστάζων,
1297 3961 1352 4014 δια-

845 4039 916 4096 νεύει.
942 4038 1030 4096 Clem.
1054 4037 1070 4094 I
1096 4054 1141 4112 25.
1183 4044 1278 4098 πάντας
1304 4043 1352 4105 βά-
1447 4093 1451 4101 .

846 4125 931 4190 σταζε.
948 4119 1011 4196 Igu.
1029 4120 1122 4197 Polye.
1143 4139 1165 4176 1.
1195 4125 1296 4178 πάντων
1308 4125 1355 4180 τάς

846 4208 938 4260 νόσους
950 4205 1071 4272 βάσταζε.
1097 4201 1134 4258 ib.

806 4288 892 4342 Βάτας.
942 4286 970 4338 ίκ
996 4288 1042 4353 τῆς
1068 4287 1149 4349 βάτου
1176 4289 1353 4356 χρηματισμοῦ

845 4369 913 4442 αὐτῷ
927 4367 1063 4436 διδομένου.
1087 4364 1269 4437 (1111111117.

806 4450 953 4506 Βδελυκτός.
1008 4451 1060 4503 πᾶν
1086 4449 1187 4519 σχίσμα
1213 4449 1354 4512 βδελυκτόν

846 4531 912 4599 ὑμῖν,
935 4527 1025 4585 Clem.
1043 4526 1099 4584 12.
1142 4529 1284 4594 βδελυκτὰς
1297 4529 1352 4584 ε’πι-

846 4612 942 4680 θυμίας.
965 4627 1011 4682 30.
1054 4610 1196 4678 βδελυκτήν
1223 4611 1354 4682 ὑπερηφα-

846 4693 909 4747 νίαν.
930 4690 968 4747 ib.

806 4773 919 4838 Βίβαιος.
961 4774 1007 4843 τήν
1027 4774 1166 4844 πανάρετον
1185 4775 1225 4826 καὶ
1246 4773 1355 4838 βεβαίαν

846 4856 914 4923 ὑμῶν
926 4855 1021 4910 πίστιν.
1044 4851 1133 4911 Clem.
1151 4853 1165 4909 I
1185 4871 1211 4910 1.
1253 4853 1296 4908 έπί
1311 4856 1356 4908 τόν

845 4939 890 5006 τῆς
916 4937 1028 4992 πίστεως
1054 4936 1161 5000 βέβαιον
1187 4936 1286 5007 δρόμον.
1326 4935 1352 4992 6.

846 5019 892 5087 τήν
914 5018 1081 5085 βεβαιοτάτην
1095 5059 1139 5072 ...
1153 5016 1291 5088 Κορινθίων
1314 5017 1354 5071 ε’κ-

848 5099 960 5167 κλησίαν.
999 5111 1045 5168 47.
1095 5096 1163 5152 θέλω
1191 5095 1232 5152 ’ίνα
1258 5097 1356 5153 κάκείνα

847 5181 940 5245 βέβαια
963 5176 987 5249 ᾗ·
1011 5177 1076 5254 Igu
1097 5177 1179 5236 Rom·
1197 5197 1223 5252 3·
1257 5179 1354 5248 Ἐκεῖνο

848 5262 943 5327 βεβαία
952 5262 1100 5332 εὐχαριστία
1109 5260 1228 5333 ἡγείσθω.
1240 5259 1352 5335 Smym.

851 5343 878 5398 8.
919 5340 951 5397 ἶν’
964 5343 1083 5413 ἀσφαλές
1096 5338 1113 5410 ἦ
1126 5344 1167 5397 καί
1185 5343 1292 5406 βέβαιον
1304 5346 1356 5397 πᾶν
