3250 6617
474 1086 535 1149 AD
558 1086 839 1163 CORINTHIOS,
863 1086 926 1149 xlv.
1150 1083 1215 1151 167

167 1260 259 1359 ipsis
276 1258 353 1333 loco
371 1284 432 1332 eos
454 1258 660 1333 transferat.
712 1258 891 1333 Videmus
916 1260 1013 1332 enim
1034 1258 1132 1357 quod
1148 1286 1214 1333 vos

168 1375 365 1451 nonnullos
385 1375 537 1451 honeste
560 1377 737 1461 viventes,
763 1376 809 1450 ab
833 1376 947 1450 officio
977 1376 1076 1474 quod
1101 1376 1213 1449 incul-

169 1504 257 1593 pate
274 1502 413 1568 etcum
429 1492 564 1566 honore
583 1493 877 1591 exsequebantur
893 1491 1096 1565 dimovetis.

222 1609 338 1685 XLV.
357 1609 590 1685 contentiosi
606 1610 705 1695 estis,
722 1609 864 1697 fratres,
882 1618 921 1683 et
937 1610 976 1683 in
993 1608 1102 1683 rebus
1119 1635 1213 1707 quae

171 1726 220 1803 ad
236 1726 393 1801 salutem
408 1753 483 1801 non
500 1726 689 1826 pertinent
705 1728 844 1800 accensi
868 1726 954 1801 zelo.
1007 1727 1213 1825 Scripturas

171 1842 369 1944 diligenter
386 1842 563 1942 inspicite,
581 1869 676 1941 quae
694 1842 854 1942 Spiritus
873 1843 998 1918 Sancti
1014 1870 1101 1917 vera
1125 1853 1214 1917 sunt

172 1960 325 2037 oracula
376 1960 423 2034 In
445 1959 517 2035 illis
538 1960 631 2033 nihil
657 1960 837 2059 injustum
862 1987 980 2058 neque
1003 1986 1214 2058 perversum

172 2078 360 2163 contineri,
389 2078 541 2167 discite;
584 2104 658 2151 non
687 2078 784 2150 enirn
818 2103 840 2150 a
869 2077 958 2150 viris
991 2077 1125 2151 sanctis
1159 2076 1213 2149 in-

173 2194 329 2269 venietis
340 2194 462 2293 justos
478 2193 646 2293 dejectos.
698 2193 991 2268 Persecutionem
1006 2193 1103 2291 passi
1126 2200 1214 2265 sunt

168 2310 273 2411 justi,
300 2311 365 2385 sed
393 2310 440 2385 ab
468 2311 613 2408 impiis;
640 2311 679 2384 in
705 2337 882 2385 carcerem
911 2309 1073 2408 conjecti,
1098 2308 1163 2382 sed
1192 2336 1214 2383 a

174 2426 357 2529 profanis;
395 2427 577 2526 lapidibus
606 2427 729 2501 obruti
755 2437 853 2511 sunt,
880 2426 944 2500 sed
973 2426 1020 2499 ab
1053 2425 1212 2524 iniquis;

174 2680 292 2753 honum,
313 2680 360 2739 lib.
376 2680 435 2753 viii,
456 2700 482 2757 p.
501 2700 558 2755 243
577 2680 614 2752 D,
635 2682 674 2737 ὅτι
715 2680 823 2739 Russel.
854 2680 946 2738 Hefel.
978 2679 1154 2755 Reithmayr.
1184 2685 1214 2737 et

175 2763 239 2841 ζᾴου
260 2766 354 2821 παντὸς
376 2762 549 2835 immuto,
571 2766 675 2818 καὶτὸν
714 2762 884 2834 Dresseli05
916 2769 1002 2838 atque
1033 2761 1075 2819 ita
1109 2762 1213 2819 caetori

175 2850 220 2901 τοῦ
238 2846 391 2918 Πυθαγόρου
410 2844 574 2915 πτιμὴκαμεν
586 2848 671 2916 λῆρον.
715 2843 788 2901 Edd.
803 2844 840 2901 ad
854 2864 931 2901 oram
951 2842 1025 2913 libri,
1041 2862 1213 2919 quamquam

175 2924 356 2985 clementina
372 2924 479 2983 Homil.
494 2925 534 2999 iii,
549 2944 609 3001 cop.
626 2938 673 3000 59,
714 2925 744 2982 in
764 2932 902 2983 contextu
922 2925 1046 2983 retinent
1062 2924 1213 2983 lectionem

176 3008 309 3079 Mnds'rrm
328 3010 359 3063 rb
377 3010 423 3078 rip·
438 3008 584 3081 Μοναρχίας
601 3007 673 3078 τιμῆ-
715 3006 791 3064 MSti
812 3007 896 3083 plane
916 3006 1049 3064 vitiosum
1070 3008 1211 3063 ε’πίτασθω.

175 3112 266 3147 ms
298 3090 401 3162 ἆγαθόν.
443 3088 502 3146 Eos
528 3087 673 3165 intelligit
715 3087 900 3147 Ooustnntius
934 3087 1018 3145 aliter
1047 3107 1080 3144 ac
1110 3087 1212 3164 reliqui

175 3168 225 3247 qui
248 3168 420 3228 sententiam
438 3170 474 3227 de
493 3170 604 3228 unitate
619 3169 673 3227 Dei
714 3170 790 3227 hunc
803 3169 898 3229 locum
918 3169 959 3226 ito
976 3168 1137 3245 distinguit,
1152 3171 1212 3243 Ἐγ-

175 3250 264 3309 fimn
290 3258 440 3327 ratamque
467 3271 525 3308 non
549 3258 672 3309 servant
714 3252 820 3307 κῦπτετε
834 3254 869 3309 εἷς
882 3254 927 3308 τὰς
939 3255 1048 3325 γραφάς,
1058 3254 1102 3308 τὰς
1112 3252 1214 3320 ἀληθεῖς

177 3330 316 3391 Similiter
328 3332 406 3409 apud
420 3332 569 3391 Platonem
582 3336 675 3406 φοβεῖ·
714 3333 802 3407 ῥήσεις
821 3333 966 3403 Πνεῦματος
989 3338 1035 3388 τοῦ
1048 3333 1137 3406 Ἀγίου
1158 3334 1212 3388 ἐπί-

177 3416 240 3471 oon
252 3416 330 3483 δόξαν
342 3413 419 3472 idem
432 3415 509 3473 valet
522 3434 556 3471 ac
569 3415 676 3471 ἕπεσθαι
715 3417 804 3470 ruodo·
828 3413 894 3488 [sic]
912 3416 985 3470 οὐδὲν
997 3437 1018 3470 κ.
1029 3438 1052 3469 τ.
1062 3417 1087 3470 λ.

176 3496 247 3567 δόξῃ.
281 3494 357 3554 Vide
369 3494 589 3566 Theodoretm
603 3494 677 3553 The·
761 3514 803 3552 10.
828 3496 1051 3567 ἐφυλακίσθησαν]
1077 3493 1124 3551 Ita
1143 3492 1212 3552 Cod.

176 3594 237 3655 rap.
252 3576 281 3649 ii,
294 3596 322 3655 p.
340 3591 386 3651 27.
408 3576 542 3637 DAVIS.
715 3576 826 3648 MStus,
847 3576 891 3633 uti
912 3575 1021 3633 hiillius
1038 3582 1114 3633 reete
1130 3574 1211 3633 vidit.

217 3672 245 3733 5.
280 3660 420 3731 ἀνηκόντων
452 3662 489 3719 ele
522 3654 670 3737 σωτηρίαν]
715 3658 785 3716 Fell.
804 3656 895 3717 (lotcl.
916 3655 1214 3731 colom.1ttig.Oou-

178 3738 316 3799 Famdem
338 3740 511 3800 locutionem
531 3740 609 3817 legas
629 3758 673 3815 ap.
715 3746 799 3798 stant
837 3738 1001 3797 Schoenem.
1039 3737 1212 3795 Ilornomon.

177 3818 208 3881 S.
231 3820 379 3881 Barnabae
403 3822 494 3899 Epist.
519 3822 535 3898 ξ
562 3834 606 3894 17,
626 3828 677 3877 τῶν
716 3829 745 3880 et
760 3818 1101 3895 Reit·hmayrus,Junium
1114 3819 1213 3883 secuti.

176 3904 316 3975 ἀνηκόντων
325 3906 383 3975 ὑμῖν
389 3907 425 3962 ds
436 3906 569 3978 σωτηρίαν.
578 3922 677 3961 eonon
717 3903 816 3979 legunt
830 3902 1021 3975 ἐφυλάχθησαν.
1066 3898 1113 3958 Sic
1127 3900 1213 3957 etiam

177 4004 252 4061 qm
269 3984 313 4043 ad
325 3994 449 4044 vestram
463 3986 585 4044 salutern
600 4005 674 4061 spec·
717 3984 741 4041 F
741 3984 844 4060 reyius,
864 3982 913 4059 qui
934 3991 1031 4040 tamen
1051 3981 1087 4038 ad
1109 3981 1214 4039 calcem

177 4074 250 4125 tout
293 4066 336 4126 (li
352 4067 382 4126 S.
398 4066 492 4145 Ignut.
508 4067 545 4125 ad
560 4066 675 4143 Smyru.
717 4066 836 4144 paginae
850 4064 958 4141 profert
971 4064 1214 4137 ἐνεφυλακίσθησαν,

179 4146 195 4223 5
209 4150 239 4207 8.
718 4148 795 4223 quod
815 4154 881 4223 post
896 4147 1063 4203 Wottouuru
1079 4143 1215 4203 exhibent

218 4228 256 4287 ib.
267 4229 432 4303 Ἔν[κῦπτετε
446 4227 457 4310 ]
472 4230 520 4290 Its
529 4250 593 4289 cum
605 4228 674 4287 Ood.
717 4228 825 4287 ltussel.
842 4228 971 4287 Galland.
984 4226 1076 4285 Hefel.
1089 4234 1119 4286 et
1129 4226 1215 4284 Dres-

179 4308 267 4369 MSto
279 4308 407 4369 Wotton
483 4312 556 4370 land.
577 4310 677 4370 Reith-
717 4310 808 4369 solius

178 4410 268 4469 mayr.
284 4390 450 4452 Dretwliut.
486 4393 598 4453 (laeteri
612 4412 677 4451 cum
761 4411 804 4449 11.
818 4387 1080 4470 ὑπὸπα[ραν]όμων.
1097 4434 1102 4446 .
1122 4432 1128 4445 .
1145 4430 1152 4443 .
1168 4392 1216 4445 ὑπὸ

178 4472 269 4532 Junio
282 4470 476 4555 Ἐ[γκῦιππ]ε.
513 4475 610 4533 Litora
627 4494 676 4532 cx·
718 4480 768 4529 τῶν
789 4469 895 4552 μιαρῶν]
927 4471 1032 4529 Junius
1056 4469 1216 4546 caeterique

177 4562 273 4615 trema
284 4553 370 4632 hujus
379 4556 457 4615 vocis
467 4576 553 4633 quarn
566 4556 678 4633 legebat
719 4562 835 4613 consent
848 4574 946 4611 vocom
959 4555 1017 4608 ἀλλ’
1031 4552 1214 4628 interponun-

179 4634 455 4713 woaonusjomdiu
469 4638 561 4716 periit.
595 4637 676 4697 conf.
719 4636 784 4694 dam
805 4656 874 4707 esse,
888 4642 1006 4711 propter
1019 4632 1216 4710 praecedentia

180 4716 260 4793 540,
273 4720 440 4794 Quota
452 4724 489 4779 a
503 4724 535 4777 fd
552 4722 621 4790 soa
634 4724 678 4791 „a
718 4719 776 4774 au·
790 4720 840 4774 aa
860 4719 956 4788 ἀνόμων
976 4723 1006 4774 u
1024 4715 1082 4770 ar
1096 4718 1146 4771 aa
1159 4716 1216 4769 aa

179 4800 249 4859 Ocior
266 4804 392 4875 γνώσεως.
435 4802 464 4861 S.
480 4802 578 4861 Jacob.
600 4801 611 4859 i
631 4818 676 4873 25,
718 4802 790 4856 σίων.
834 4796 890 4855 Sed
914 4795 984 4854 nihil
1010 4805 1099 4866 muto,
1127 4816 1215 4872 quurn

178 4884 241 4939 ὁδὶ
259 4882 414 4957 soponit-or
433 4886 469 4943 εἰς
488 4889 564 4955 νόμον
578 4886 679 4939 τέλειον
718 4890 839 4955 utraque
868 4878 1042 4936 constructio
1071 4897 1138 4935 sana
1168 4876 1215 4948 sit,

178 4964 448 5037 τὸννῆςεἍωθφίας.
487 4964 568 5024 Oonf.
585 4964 601 5021 I
616 4964 675 5023 Pet.
718 4958 965 5037 nequeaPatrum
979 4958 1216 5017 usirautaNovo

179 5044 190 5101 i
207 5064 252 5103 η.
717 5043 901 5100 Testamento
921 5040 1028 5098 alienae
1049 5039 1107 5098 sint
1119 5040 1216 5117 hujus·

222 5142 248 5201 7.
262 5123 435 5207 Ἐπίστασθι]
463 5128 510 5187 Its
527 5126 592 5185 dedi
613 5146 678 5185 curn
718 5123 796 5181 modi
813 5122 991 5181 variationes
1015 5121 1134 5180 WOTT.
