3250 6617
478 1658 528 1759 S.
570 1654 998 1760 CLEMENTIS

293 1945 579 2028 EPISTOLA
618 1945 697 2026 AD
737 1943 1102 2027 CORINTHIOS
1142 1945 1175 2024 Ι.

219 2274 344 2393 DEI
384 2312 553 2398 Ecclesia,
587 2339 681 2411 quae
716 2313 856 2387 Romae
894 2312 1156 2411 peregrinatur,
1193 2311 1260 2386 Ec-

218 2552 347 2628 proprias
363 2559 459 2628 partes
475 2551 550 2611 tueri
566 2551 719 2624 videretur,
761 2553 918 2610 Raetorum
945 2551 1116 2622 nominibus,
1138 2551 1265 2628 quicum·

217 2633 250 2705 si,
274 2633 324 2690 ubi
348 2633 533 2692 restauranda
556 2641 618 2692 erat
643 2633 720 2710 apud
761 2632 1048 2711 queessent.CLER.
1065 2632 1266 2705 Rothmaler

218 2713 383 2772 Corinthios
423 2715 619 2773 ecclesiasticis
651 2714 721 2773 viris
752 2716 848 2791 fir'aqe
862 2716 889 2773 d.
903 2714 1017 2775 Cla-isti.
1030 2714 1145 2786 Kirclre,
1156 2734 1182 2790 p.
1197 2733 1267 2785 404,

216 2804 381 2872 competens
408 2796 533 2874 dignitas
561 2804 648 2873 atque
677 2816 721 2854 re·
761 2804 865 2868 censet,
887 2796 949 2874 ipso
969 2803 1098 2872 tempore
1118 2815 1176 2872 quo
1196 2795 1265 2853 haec

217 2877 352 2948 verentia,
380 2886 430 2936 aut
463 2879 525 2955 ipsc
558 2878 642 2948 solus,
670 2885 721 2936 aut
762 2879 893 2956 Epistola
901 2878 1007 2954 scripta
1017 2887 1099 2949 esset,
1109 2877 1208 2934 orbam
1222 2876 1265 2934 fu·
1365 2953 1367 2956 .

217 2978 282 3015 cum
306 2979 340 3017 eo
361 2959 461 3018 Olenos
480 2960 541 3017 sine
561 2960 644 3036 plebe
665 2959 719 3017 Ec·
760 2960 816 3019 isse
834 2961 937 3019 Salem
955 2959 1161 3036 Episcopalem.
1190 2958 1265 3015 Vide

216 3039 331 3098 clesiam
344 3040 423 3098 illam
437 3041 636 3118 alloqueretur.
668 3041 721 3098 Po·
761 3041 800 3100 sis
808 3039 1207 3100 ThomamRennelinlibello
1217 3039 1265 3097 cui

216 3122 341 3180 stulabat
367 3130 514 3198 praeterea
537 3131 614 3180 recta
638 3123 720 3194 ratio,
761 3123 872 3194 titulus,
893 3122 999 3197 Proofc
1021 3121 1059 3196 of
1071 3121 1264 3196 Iacpirotion,

215 3210 249 3260 ut
276 3203 300 3260 si
328 3203 443 3280 quidem
470 3204 551 3280 prius
578 3203 720 3263 Corinthii
761 3225 795 3263 or
815 3204 859 3262 tlte
880 3204 1016 3263 Grouadc
1038 3202 1076 3277 of
1091 3202 1267 3260 Distinetrbn

216 3303 273 3342 non
297 3284 333 3342 ad
354 3285 532 3343 Clementem
551 3305 649 3357 unum,
670 3285 720 3343 sed
760 3285 934 3345 ὁαίιααςιιίίκ
947 3286 1020 3343 Now
1031 3284 1269 3342 romanamet

215 3365 251 3422 ad
283 3366 428 3424 Romanos
456 3366 635 3443 scripserant,
663 3366 720 3424 Ro·
761 3368 805 3426 the
819 3366 1003 3443 Apocrypbol
1021 3366 1143 3425 Volwne.
1173 3365 1263 3423 Lond.

215 3467 365 3504 manorum
379 3447 494 3506 nomine
508 3447 648 3518 Clemens,
662 3467 720 3505 non
766 3452 850 3520 1822,
865 3469 891 3525 p.
906 3452 952 3521 58.

215 3529 340 3605 proprio,
362 3529 537 3588 rescriberet.
580 3528 717 3587 OOUST.
796 3551 822 3602 4.
838 3525 1035 3608 ἡπαροικοῦαα]
1054 3526 1142 3606 Apud
1158 3527 1263 3585 Euseb.

216 3609 261 3667 Eo
282 3617 419 3686 tempore,
432 3611 511 3668 nulla
531 3608 646 3687 quidem
664 3610 720 3668 fuit
761 3611 800 3670 H.
817 3612 850 3669 E.
877 3610 906 3668 iv
930 3629 975 3684 23,
997 3609 1153 3686 Dionysius
1174 3613 1219 3680 τῆς
1239 3613 1266 3665 ἐν

216 3691 362 3750 Romanae
390 3692 533 3751 Ecclesiae
562 3691 592 3749 in
620 3691 720 3749 Corin·
760 3695 875 3769 Κορίνθῳ
894 3694 1031 3766 παροικίας,
1052 3691 1202 3767 Philippus
1221 3695 1266 3761 τῆς

215 3771 307 3830 thiam
327 3780 476 3850 potestas,
499 3792 617 3832 nectes
638 3772 720 3831 Chn'-
761 3777 916 3848 Γορπυναίων
955 3775 1093 3846 παροικίας,
1130 3771 1264 3848 Episcopi

216 3854 309 3912 stiana
325 3875 359 3913 eo
375 3855 406 3913 in
424 3863 503 3915 statu
520 3862 590 3924 erat,
604 3861 638 3912 ut
655 3874 720 3931 pos·
760 3855 967 3933 perhibentur3
996 3852 1148 3929 utrobique
1171 3853 1265 3929 regio·

215 3943 260 3995 set
273 3936 348 3994 ullus
359 3937 517 4014 Episcopus
530 3936 560 3993 in
574 3935 662 3992 alium
672 3936 721 4012 jus
759 3956 810 3995 nes
831 3956 930 3994 omnes
949 3935 1013 3994 istis
1029 3933 1196 3992 matricibus
1211 3934 1265 3992 Ec-

216 4018 373 4091 adsumere,
387 4018 437 4096 qui
457 4018 534 4096 paris
549 4024 625 4076 esset
645 4017 720 4075 ordi·
760 4017 860 4088 clesiis,
872 4025 902 4076 et
915 4017 1009 4077 eidem
1018 4015 1169 4093 episcopali
1180 4035 1265 4075 curae

216 4099 268 4156 nis.
312 4099 369 4158 Sed
389 4099 461 4157 nihil
481 4106 569 4171 vetat,
590 4099 720 4176 quamvis
759 4100 911 4177 subjectae,
922 4097 1123 4175 intelligendae
1135 4097 1263 4156 veniunt

216 4199 290 4238 unus
311 4181 429 4239 caeteris
452 4189 603 4258 praeesset,
624 4180 720 4257 singu·
760 4181 865 4240 Priscis
900 4180 1040 4257 siquidem
1077 4179 1264 4256 temporibus,

216 4261 267 4318 lari
293 4262 417 4338 quodam
436 4263 510 4338 jure,
532 4282 598 4320 eum
622 4270 719 4321 tamen
759 4263 837 4321 idem
856 4262 915 4321 fere
936 4270 997 4320 erat
1017 4260 1166 4333 Paroecio,
1186 4260 1265 4338 quod

215 4343 416 4401 auctoritatem
444 4343 656 4414 dissimulasse5
683 4363 719 4401 ne
760 4365 836 4404 nuno
860 4344 1000 4402 Dioeceaie
1023 4343 1173 4401 diceretur.
1217 4341 1264 4400 sic

215 4424 264 4500 qui
288 4423 318 4481 in
345 4425 521 4501 superiorem
547 4431 719 4502 potestatem
761 4427 831 4485 Can.
851 4425 932 4498 xviii,
967 4425 1074 4484 Concil.
1097 4423 1262 4500 Ancyrani:

216 4505 348 4564 Corinthi
368 4512 616 4579 consurrexerunt,
637 4513 719 4583 puta·
765 4505 812 4588 [Α.
826 4508 861 4565 D.
874 4522 941 4582 315,
952 4528 995 4584 ap.
1008 4505 1114 4564 Routh.
1126 4504 1187 4563 Rel.
1201 4504 1262 4562 Sec.

216 4595 279 4646 rent
293 4607 355 4645 rem
371 4587 418 4666 agi
431 4596 482 4644 τῶν
494 4589 645 4662 ἡγουμένων,
661 4607 718 4644 non
760 4586 880 4669 iv124.]
896 4589 930 4644 Εἴ
945 4612 1010 4646 τινες
1022 4588 1174 4644 Ἐπίσκαποι
1187 4610 1264 4641 κατα.

214 4668 302 4745 ipsius
324 4669 466 4727 Ecclesiae
478 4689 488 4743 3
519 4677 605 4746 atque
625 4668 719 4745 ipsum
760 4673 904 4734 σταθέντες,
929 4673 969 4725 καὶ
995 4672 1029 4741 μὴ
1057 4670 1188 4740 δοχθέντα
1215 4670 1264 4724 ὑπὸ

216 4749 361 4810 Romanae
388 4750 531 4809 Ecclesiae
558 4769 661 4827 corpus
688 4749 719 4807 id
758 4755 890 4826 παροικίας
907 4753 999 4820 ίκςίνπς
1017 4753 1053 4808 είς
1068 4751 1099 4821 ἣν
1116 4750 1264 4820 ὦνομιίσθπρ

214 4831 335 4907 probare
356 4833 433 4909 quod
453 4831 560 4890 factum
581 4839 643 4890 erat
662 4830 718 4889 00-
759 4857 817 4898 σαν,
841 4835 937 4904 ἑτέραις
963 4832 1098 4896 βούλοιντο
1124 4831 1264 4904 aemulata

213 4912 311 4984 rinthi,
325 4913 464 4990 quidquid
478 4913 514 4970 de
528 4933 562 4971 eo
576 4911 718 4971 Ecclesiae
758 4916 860 4977 ἐπιέναι,
872 4916 912 4969 καὶ
921 4915 1055 4982 βιάζεσθαι
1063 4915 1123 4970 ποὺς
1136 4914 1265 4968 καθεστῶ-

213 4995 345 5067 ἠγοιίμινοι
359 4995 506 5053 sentirent.
540 4994 621 5052 Haec
634 5014 719 5053 causa
757 5020 811 5061 πας,
826 4998 867 5050 καὶ
887 4997 992 5053 στάσεις
1012 5000 1087 5050 κινεῖν
1106 4994 1159 5049 κατ’
1173 4996 1263 5065 αὐτῶν,

212 5075 327 5135 videtur
367 5077 460 5147 fuisse,
501 5096 551 5134 cur
593 5076 719 5134 Ecclesia
758 5078 863 5134 τούτους
877 5077 1053 5150 ἀφορίζεσθαι.
1077 5075 1197 5134 Frustra
1210 5075 1264 5132 ita-

211 5157 350 5217 scriberet
370 5159 406 5215 ad
429 5158 592 5230 Ecclesiam,
607 5157 719 5217 omissis
759 5179 815 5235 que
841 5165 909 5216 sunt
936 5156 966 5229 ii,
994 5158 1052 5234 qui,
1073 5177 1110 5216 ex
1137 5155 1262 5233 plurium

824 5275 873 5315 1³2
