3250 6617
408 1033 506 1096 xxxiv
656 1035 987 1103 RECENTIORUM
1010 1037 1196 1101 JUDICIA

243 1220 374 1272 Putares
452 1205 569 1284 Primo,
600 1206 766 1272 Sententia
793 1208 964 1274 decretoria
994 1210 1121 1274 Parlreri
1152 1216 1185 1274 et
1215 1208 1372 1287 Salmasii,
1399 1209 1457 1293 qui

242 1287 385 1338 mmm·
408 1314 555 1371 statuunt
577 1331 683 1373 omnes
707 1310 865 1394 Epistolas
888 1310 946 1374 sub
969 1312 1095 1377 nomine
1117 1311 1239 1396 Ignatii
1260 1311 1372 1390 editas,
1387 1333 1457 1376 esse

407 1410 500 1494 plane
521 1412 748 1495 supposititias,
764 1412 894 1477 minime
913 1414 1039 1478 ferenda
1059 1421 1125 1479 est:
1148 1421 1218 1478 tum
1238 1415 1323 1499 quod
1343 1436 1455 1479 eorum

407 1520 597 1598 argumenta
610 1515 689 1579 nihil
704 1515 790 1579 aliud
805 1517 955 1580 evincunt
967 1540 1061 1601 quam
1075 1518 1159 1602 qnod
1173 1541 1192 1581 a
1206 1518 1334 1583 caeteris
1348 1523 1454 1582 statu-

407 1615 482 1694 itur,
497 1640 608 1701 nempe
629 1641 736 1683 omnes
757 1624 812 1681 aut
832 1619 1047 1702 supposititias
1066 1626 1206 1684 essesut
1227 1620 1452 1705 interpolatas;

412 1722 521 1805 (quum
532 1721 617 1785 enim
628 1721 730 1785 adhuc
742 1723 898 1786 nescirent
908 1723 1008 1807 qualis
1020 1745 1127 1787 revera
1137 1722 1335 1807 interpolatio
1344 1723 1453 1801 fuerit,

407 1822 555 1906 quioquid
580 1823 642 1886 illis
671 1823 844 1908 displicuit,
869 1823 974 1908 potuit
999 1825 1039 1888 ad
1068 1825 1323 1909 interpolationes
1351 1824 1450 1910 perti-

406 1929 510 2010 nere3)
537 1933 607 1990 tum
630 1927 714 2011 quod
735 1928 890 1991 Parkerus
912 1934 1042 2006 statuat,
1063 1930 1221 1993 neminem
1241 1937 1315 1994 ante
1336 1930 1450 1994 Conci·

405 2029 485 2092 lium
500 2029 678 2093 Nicaenum
697 2053 804 2094 earum
823 2030 1012 2109 meminisse,
1027 2031 1111 2115 quod
1127 2033 1321 2116 apertissime
1334 2033 1452 2098 falsum

407 2139 465 2196 est.

451 2236 605 2314 Secundo,
623 2236 744 2320 Ingens
771 2235 938 2300 discrimen
963 2237 1048 2301 inter
1061 2238 1135 2301 lues
1155 2237 1286 2301 Latinas
1306 2242 1339 2302 et
1361 2236 1450 2302 Duo·

407 2338 508 2403 decim
524 2339 659 2404 Graecas
677 2339 836 2423 Epistolas
856 2346 939 2404 recte
959 2342 1158 2404 observatum
1180 2346 1247 2418 est,-
1270 2347 1303 2404 et
1318 2340 1453 2404 Latinae

406 2442 544 2525 primum
569 2443 700 2507 omissae
726 2443 766 2506 ab
792 2443 945 2506 universis
971 2442 1035 2506 fere
1061 2442 1173 2508 merito
1199 2450 1274 2506 sunt
1300 2444 1451 2528 rejectae:

406 2553 476 2610 turn
492 2547 575 2630 quod
591 2547 718 2610 Graecis
732 2545 878 2610 omnibus
893 2546 1011 2610 fuerint
1029 2546 1220 2630 incognitae,
1236 2568 1336 2631 neque
1351 2547 1452 2611 Grae-

406 2649 540 2712 cismum
551 2650 678 2714 omnino
690 2650 861 2727 redoleant,
873 2656 910 2713 ut
921 2672 986 2714 non
996 2648 1035 2712 ab
1048 2649 1235 2733 Interprete,
1247 2648 1301 2713 sed
1312 2649 1454 2713 Auctore

407 2750 523 2814 Latino
552 2751 718 2814 videantur
747 2750 922 2835 profectae,
953 2756 1024 2814 tum
1052 2751 1136 2835 quod
1164 2750 1199 2814 in
1227 2749 1454 2815 vetustissimis

406 2853 565 2936 Vulgatae
590 2853 751 2916 Versionis
778 2853 866 2916 MSS
894 2852 1060 2917 Codicibus
1090 2875 1154 2916 non
1179 2851 1392 2930 inveniantur,
1417 2858 1455 2916 et

406 2955 533 3019 seorsim
548 2955 716 3038 aliquando
731 2956 863 3039 scriptae
878 2955 954 3033 sint,
967 2962 1000 3020 et
1014 2955 1098 3020 inter
1112 2955 1243 3019 Latinos
1257 2978 1277 3018 a
1291 2955 1454 3021 Bemardo

406 3066 462 3122 aut
476 3058 735 3121 Pseudo-Dextro
750 3058 888 3142 primum
904 3066 1110 3135 memoratae,
1133 3065 1205 3121 tum
1219 3058 1351 3141 denique
1365 3058 1455 3142 quod

405 3161 460 3224 vix
482 3160 597 3225 rationi
616 3166 795 3245 temporum
810 3161 977 3225 videantur
991 3161 1175 3240 consentire,
1191 3168 1246 3224 aut
1265 3185 1338 3226 oum
1357 3161 1453 3226 insti-

405 3264 486 3329 tutis
516 3263 638 3348 Ignatii
668 3264 835 3348 quicquam
865 3286 1030 3329 commune
1058 3265 1190 3329 habere:
1213 3273 1307 3349 “pro
1336 3265 1455 3350 quibus

405 3375 427 3405 “
443 3367 560 3430 furstra
582 3366 726 3431 nonnulli
746 3389 887 3450 pugnare
906 3367 1048 3451 aggressi
1070 3373 1145 3430 sunt
1167 3371 1241 3431 ante
1258 3368 1379 3452 aliquot
1393 3391 1452 3432 an-

406 3478 428 3508 “
442 3470 533 3548 uos,”
549 3476 586 3533 ut
600 3477 683 3533 recte
693 3469 851 3554 judicavit
866 3470 1029 3554 Philippus
1045 3470 1219 3533 labbaeus.

448 3574 564 3653 Tertio,
578 3574 611 3636 N
612 3596 628 3638 a
643 3574 728 3658 ipsae
743 3574 870 3659 quidem
883 3574 1018 3638 Graecae
1031 3573 1205 3639 Duodecim
1219 3597 1325 3659 parem
1341 3583 1452 3641 aucto-

404 3676 532 3740 ritatem
558 3676 616 3739 sibi
640 3675 822 3754 vindicant,·
846 3684 879 3741 et
904 3684 987 3740 recte
1010 3677 1113 3760 posita
1136 3677 1260 3741 videtur
1286 3677 1453 3745 distinctio

404 3779 488 3844 inter
503 3780 633 3864 Septem
647 3780 817 3864 Epistolas,
832 3802 911 3865 quae
929 3785 1006 3843 sunt
1029 3780 1068 3844 ab
1089 3780 1224 3844 Eusebio
1249 3786 1452 3861 memoratae,

404 3882 591 3968 reliquisque
616 3883 843 3967 antiquissimis
865 3883 1012 3948 Patribus
1036 3883 1214 3968 frequenter
1237 3884 1393 3963 laudatae,
1415 3892 1453 3951 et

406 3985 553 4071 Quinque
570 3986 658 4063 alias,
673 4008 752 4070 quae
775 4009 838 4050 non
861 3986 922 4050 nisi
944 3993 1016 4070 post
1042 3986 1162 4071 aliquot
1185 3987 1307 4051 saecula
1325 3989 1365 4052 ab
1383 3988 1453 4054 ullo

405 4087 524 4152 Graeco
545 4089 697 4172 scriptore
719 4088 846 4171 agnitae
868 4094 954 4166 sunt,
970 4096 1064 4173 atque
1086 4089 1156 4154 ideo
1173 4091 1244 4174 jure
1262 4090 1313 4155 vel
1334 4090 1368 4154 in
1390 4091 1451 4154 du-

404 4190 493 4254 bium
519 4196 682 4267 vocantur,
706 4190 757 4252 vel
787 4189 883 4253 etiam
912 4190 1004 4274 plane
1033 4191 1234 4275 rejiciuntur:
1261 4192 1355 4276 idque
1384 4214 1453 4258 non

404 4299 542 4369 tantum,
558 4291 632 4377 quia
646 4291 815 4356 verisimile
834 4314 898 4356 non
912 4300 971 4370 est,
986 4317 1037 4358 eas
1052 4294 1235 4372 Eusebium,
1250 4294 1277 4358 si
1292 4297 1358 4379 ejus
1372 4318 1453 4361 aevo

404 4395 611 4472 exstitissent,
626 4394 723 4458 latere
743 4394 891 4476 potuisse,
907 4401 962 4458 aut
982 4396 1021 4459 ab
1042 4397 1160 4476 eodem,
1176 4397 1203 4461 si
1222 4397 1283 4481 ipsi
1303 4398 1453 4483 cognitae

404 4504 518 4573 essent,
533 4495 715 4579 praeteriri,
738 4496 793 4559 sed
808 4495 914 4574 etiam,
930 4497 1003 4581 quia
1016 4499 1066 4562 vel
1087 4499 1127 4562 ob
1148 4499 1276 4563 modum
1290 4499 1452 4585 loquendi,

404 4600 444 4663 ab
459 4598 645 4663 Eusebiauis
666 4599 803 4662 multum
821 4599 1031 4683 discrepantes
1049 4608 1210 4684 apparent,
1225 4601 1276 4665 vel
1291 4603 1332 4667 ob
1347 4610 1451 4668 mate-

404 4703 483 4766 riam
505 4702 675 4779 doctriuae,
698 4702 855 4765 institutis
876 4710 909 4765 ct
933 4702 1069 4766 moribus
1092 4704 1270 4786 posterioris
1292 4704 1452 4771 Ecclesiae

404 4805 506 4887 magis
521 4827 684 4881 consonae,
699 4814 732 4868 et
747 4804 925 4889 Ignatianis
941 4805 1075 4869 Eusebio
1090 4807 1269 4871 memoratis
1289 4808 1355 4872 sola
1374 4806 1450 4870 imi-

404 4907 535 4984 tatione,
551 4929 647 4990 eaque
663 4907 758 4971 nimis
773 4908 930 4984 affectata,
946 4907 1071 4972 similes,

449 5009 581 5086 Quarto,
595 5009 692 5072 Reate
712 5009 965 5074 animadversum
984 5017 1032 5074 cst
1050 5033 1069 5073 a
1089 5011 1335 5095 quamplurimis,
1351 5012 1452 5077 etiam

405 5111 473 5176 illas
495 5112 621 5196 Septem
648 5112 882 5195 antiquissimas
905 5119 936 5175 et
961 5113 1095 5177 maxime
1117 5115 1268 5198 genuinas
1289 5114 1451 5198 Epistolas
