3250 6617
372 1065 437 1129 204
746 1064 779 1130 S.
802 1062 1053 1129 CLEMENTIS

371 1238 467 1338 ἡμῖν,
487 1235 656 1344 ἀλλάτῴ
674 1236 846 1338 θελήματι
866 1245 929 1317 τοῦ
948 1242 1054 1317 θεοῦ·
1084 1238 1196 1321 οὕτως
1219 1234 1292 1340 γὰρ
1313 1234 1418 1317 ἔσται

371 1365 490 1450 αὐτοῖς
506 1363 683 1468 ἔγκαρπος
701 1369 758 1445 καὶ
776 1366 894 1445 τελεία
910 1366 933 1464 ή
950 1362 1041 1470 πρὸς
1058 1363 1122 1444 τὸν
1141 1359 1236 1443 θεὸν
1253 1367 1311 1444 καὶ
1334 1359 1419 1449 τοὺς

371 1494 493 1594 ἁγίους
510 1492 582 1591 μετ’
602 1497 790 1596 οἰκτιρμῶν
807 1495 918 1592 μνεία.
974 1490 1236 1590 Ἀναλάβωμεν
1257 1492 1420 1573 medetur

370 1617 468 1727 ἐφῇ
491 1622 602 1706 οὐδεὶς
628 1622 759 1727 ὀφείλει
782 1623 1003 1722 ἀγανακτεῖν,
1026 1619 1214 1721 ἀγαπητοί·
1248 1619 1271 1719 ἡ
1295 1619 1417 1701 νουθέ-

371 1783 476 1848 τησις
505 1748 551 1848 ήν
579 1746 772 1847 ποιούμεθα
804 1752 852 1833 εῖς
880 1747 1067 1848 ἀλλήλους
1094 1746 1188 1847 καλή
1217 1750 1330 1849 ἔστιν,
1359 1752 1450 1841 καῖ5

373 1874 552 1980 ὑπεράγαν
581 1873 775 1983 ὠφέλιμος·
806 1880 926 1984 κολλᾷ
951 1874 1024 1980 γάρ
1046 1876 1139 1975 ἡμᾶς
1162 1879 1214 1984 τῷ
1245 1875 1419 1977 θελήματι

206 2017 347 2148 fflffiip
371 2011 435 2084 τοῦ
454 2009 558 2084 Θεοῦ.
610 2005 737 2090 Οὕτως
754 2002 826 2110 γάρ
844 2011 959 2111 φησιν
977 2007 997 2084 ὁ
1015 2001 1115 2105 ἅγιος
1133 2001 1257 2106 λόγος·
1288 2015 1310 2052 “
1321 2011 1416 2084 Παι-

206 2166 327 2264 ἲθεὲήήήου
373 2141 394 2175 “
412 2129 521 2211 δεύων
539 2129 742 2211 ἐπαίδευσεν
768 2165 812 2230 με
839 2134 859 2210 ὁ
889 2128 1031 2235 Κύριος,
1053 2132 1111 2210 καὶ
1135 2137 1186 2238 τῷ
1210 2127 1352 2238 θανάτιρ
1376 2132 1419 2211 οὐ

290 2253 297 2275 ‚

204 2280 345 2411 &ugoni-
373 2268 395 2304 “
411 2257 609 2363 παρέδωκέν
637 2292 691 2357 με.
744 2256 822 2338 Ὃν
845 2256 918 2362 γὰρ
946 2260 1071 2366 ἀγαπᾷ
1102 2257 1234 2363 Κύριος
1254 2257 1418 2356 παιδεύει,

206 2417 334 2461 murem.
373 2398 393 2433 ‘⁶
408 2392 583 2487 μαστιγοῖ
607 2383 643 2464 δὲ
669 2383 788 2466 πάντα
816 2383 891 2465 υἱὸν
909 2383 951 2466 ὃν
967 2384 1230 2493 παραθέχεται.”
1288 2392 1417 2467 “Παι·
1435 2421 1471 2460 10

372 2525 394 2561 “
412 2512 526 2593 δεύσει
559 2513 621 2613 με”
659 2511 744 2618 γάρ,
784 2520 912 2620 φησιν,
952 2524 973 2561 “
986 2514 1118 2599 δίκαιος
1151 2515 1189 2592 ἐν
1221 2514 1323 2612 ε’λεέι,
1358 2517 1419 2595 καὶ

372 2654 393 2690 “
409 2639 548 2745 ἐλέγξει
584 2675 641 2738 με,
673 2641 794 2721 ἔλαιον
825 2641 862 2720 δὲ
893 2642 1117 2745 ἁμαρτωλῶν
1146 2639 1196 2742 μή
1231 2640 1419 2723 λιπωιάτω

371 2780 393 2816 “
411 2768 477 2868 τὴν
495 2770 658 2876 κεφαλήν
674 2768 779 2869 μου.”
846 2771 917 2849 Καὶ
935 2767 1047 2850 πάλιν
1065 2771 1173 2874 λέγει,
1193 2782 1215 2818 “
1229 2769 1418 2876 Μακάριος

372 2909 395 2944 “
412 2897 597 3000 ἅνθρωπος
615 2896 656 2977 ὃν
673 2894 828 3000 ἤλεγξεν
846 2900 866 2977 ὁ
887 2895 1026 3000 Κύριος·
1047 2898 1243 2998 νουθέτημα
1261 2896 1297 2977 δὲ
1317 2904 1418 2979 Παν-

374 3037 395 3072 “
412 3022 625 3128 τοκράτορος
642 3022 692 3124 μὴ
711 3027 916 3105 ἀπαναίνου·
957 3023 1063 3110 αὐτὸς
1080 3023 1153 3129 γάρ
1170 3028 1295 3126 ἀλγεῖν
1312 3033 1415 3124 ποιεῖ,
1434 3062 1468 3121 15

418 3317 442 3356 2.
458 3301 498 3354 καὶ
511 3300 569 3356 τοὺς
582 3295 681 3378 ὀγίους]
706 3298 767 3356 Aut
787 3297 875 3357 inter·
917 3306 984 3357 met.
1010 3298 1132 3358 WOTT.
1176 3300 1225 3359 Sic
1244 3307 1274 3360 et
1293 3300 1418 3363 Welflte·

374 3379 470 3457 polnte
483 3379 569 3437 misse
587 3378 655 3437 haee
668 3381 763 3452 verba,
778 3387 828 3438 out
841 3380 877 3438 de
917 3380 981 3439 niun
995 3380 1025 3438 in
1038 3381 1056 3439 l.
1067 3400 1090 3439 o.
1120 3381 1214 3440 Aliter
1227 3381 1373 3442 Whitbiur
1386 3382 1418 3441 in

375 3460 547 3519 Sanctorum
566 3460 750 3519 Invocatione
769 3461 875 3520 intelli·
915 3462 1016 3520 Eram
1028 3483 1086 3520 rur.
1102 3462 1180 3522 Leot
1196 3483 1223 3540 p.
1240 3482 1304 3539 129.
1321 3463 1419 3524 GAL-

374 3542 467 3619 gendo
488 3562 556 3615 esso,
578 3542 683 3600 diserto
707 3543 875 3619 pronuntiat
915 3544 1035 3602 LAND.
1090 3548 1163 3615 μνεία
1188 3565 1247 3603 vox
1277 3544 1416 3605 Paulina:

375 3623 496 3699 Lipsius,
520 3643 567 3700 pp.
593 3644 639 3696 44,
663 3640 707 3698 45.
752 3624 873 3700 Hilgon-
916 3625 958 3684 cf.
979 3627 1061 3684 Rom
1078 3626 1088 3683 i
1103 3645 1129 3700 9,
1152 3626 1225 3703 Eph.
1247 3626 1257 3684 i
1276 3628 1321 3701 16,
1343 3628 1416 3687 Phil.

374 3705 477 3763 soldius
500 3714 606 3774 autom,
625 3726 652 3782 p.
672 3725 719 3780 90,
740 3706 872 3782 deprecer·
915 3707 925 3765 i
954 3726 981 3781 3,
1012 3708 1027 3765 I
1050 3707 1145 3766 These
1171 3707 1253 3781 iiio,
1285 3707 1320 3765 ΙΙ
1341 3708 1415 3769 Tim

374 3786 483 3845 tionem
493 3786 629 3862 intelligit
638 3807 706 3863 ergu
719 3786 875 3846 Ecclesiam
916 3788 925 3846 i
948 3809 974 3863 3.

375 3867 485 3927 lectam.
530 3868 632 3945 Neque
645 3869 729 3926 video
743 3869 812 3944 quid
827 3889 875 3927 ve·
957 3894 984 3943 4.
1004 3867 1117 3950 ὀφείλει]
1145 3869 1199 3943 Itu,
1228 3870 1418 3947 proculdubio

374 3957 418 4009 tat
431 3953 491 4008 τοὺς
503 3952 591 4024 bytom
604 3950 705 4007 eodem
724 3969 808 4007 sensu
829 3950 876 4008 hio
916 3959 1001 4023 recto,
1014 3951 1218 4012 Russelwott
1227 3951 1301 4012 Gall.
1312 3952 1418 4013 Schoe-

375 4030 441 4107 poni
466 4051 524 4108 quo
548 4050 566 4087 ο
589 4030 621 4088 B.
645 4030 742 4102 Paulo,
769 4031 784 4086 Ι
807 4031 873 4089 Cor.
915 4052 988 4091 nem
1019 4033 1158 4091 Homem
1195 4033 1289 4093 Helel.
1317 4034 1420 4095 Roith·

375 4112 404 4169 vl
422 4131 446 4180 1,
462 4112 510 4170 xvi
530 4131 553 4169 1.
586 4116 719 4184 Κόμματος
732 4114 876 4186 καινοτέρου
916 4134 1004 4190 mayr.
1034 4121 1063 4172 et
1092 4115 1261 4173 Dressellus.
1303 4114 1418 4176 caeteri

375 4213 462 4272 quum
486 4192 643 4252 Clementis
666 4192 789 4250 Romani
813 4193 875 4251 aevi
916 4214 982 4253 oum
995 4195 1085 4254 Junio
1098 4198 1193 4270 ἐφίλει,
1207 4204 1237 4256 et
1250 4216 1350 4256 veram
1363 4198 1420 4259 leo

375 4284 419 4337 est
440 4273 589 4332 Invooutio
613 4274 790 4345 Sanctorum,
816 4274 875 4352 qui,
916 4276 1025 4335 tionem
1047 4278 1227 4353 conjecturae
1252 4278 1317 4338 loeo
1343 4298 1419 4339 mar·

375 4363 408 4415 ut
422 4376 487 4414 cum
500 4356 527 4414 S.
539 4356 704 4432 Augustino
715 4356 875 4432 loquamur,
916 4357 978 4435 gini
992 4367 1150 4435 apponunt.
1183 4359 1361 4421 Colomeeiur
1373 4360 1420 4420 vel

376 4443 383 4469 ‘
397 4437 556 4496 honorandi
569 4446 637 4496 sunt
651 4445 768 4514 propter
781 4437 876 4496 imitu-
916 4440 1071 4512 ὀφείλοντι]
1082 4445 1164 4514 φιλεῖ.
1192 4441 1292 4501 Codex
1306 4442 1418 4515 MStun,

377 4519 514 4591 ‘tionum
529 4539 585 4576 non
600 4519 736 4577 adorandi
757 4527 876 4596 propter
916 4520 946 4577 in
960 4541 1017 4598 quo
1031 4522 1138 4581 voculis
1153 4532 1163 4577 1
1177 4531 1208 4582 et
1221 4523 1420 4603 diphthongus

377 4600 583 4679 ‘religionem’
625 4601 670 4658 De
697 4601 772 4658 Vera
800 4600 876 4658 Reli·
916 4612 949 4657 El
964 4603 1128 4680 saepissime
1145 4612 1354 4680 permutantur,
1369 4626 1419 4665 ox·

376 4682 469 4760 ginno,
486 4682 501 4758 §
517 4698 563 4756 55.
916 4682 996 4742 hibet
1011 4695 1143 4742 οψΙΛΕΙι
1162 4686 1307 4744 οΙίίιτοτίο
1321 4694 1419 4747 autem

418 4784 444 4838 3.
473 4766 566 4838 μνεία]
599 4764 685 4821 Hune
711 4765 807 4822 locum
830 4783 875 4822 re·
916 4774 1047 4824 nostroe
1063 4773 1128 4826 eto
1146 4785 1235 4843 parvo
1254 4767 1419 4829 discrimine

377 4846 472 4922 spexit
486 4845 604 4917 lllillius,
618 4846 667 4922 qui
682 4845 765 4904 Rom.
781 4844 822 4902 xii
841 4864 875 4919 13
916 4855 1079 4918 exuruntur,
1103 4867 1176 4924 quoe
1202 4849 1303 4909 literne
1324 4849 1418 4909 adhuc

377 4926 440 4985 vult
458 4935 492 4984 ut
509 4926 622 5004 legatur
641 4932 696 4985 τοῖς
712 4930 806 4999 μνείοις
826 4934 877 4983 τῶν
916 4927 1067 4987 similiores
1092 4928 1167 4988 fiunt
1190 4930 1418 5009 quandocunque

378 5011 455 5082 ὁγίων
482 5014 662 5073 κοινωνοῦντες,
690 5016 720 5066 et
754 5028 805 5066 nos
839 5008 876 5065 ad
915 5017 994 5068 aetas
1013 5011 1086 5069 edax
1104 5011 1210 5070 lineam
1225 5020 1418 5073 ΜΘΝ

378 5088 555 5146 Clementem
579 5090 663 5147 Rom.
681 5090 825 5161 amandat,
844 5095 876 5147 ut
917 5098 992 5148 τοῦε
1009 5092 1174 5152 aboleverit.
1210 5094 1284 5154 Inde
1297 5093 1417 5156 forsita

378 5189 457 5227 suam
478 5170 544 5227 indo
565 5171 756 5246 conjecturam
775 5171 874 5228 confir·
917 5171 997 5231 Juuii
1018 5193 1103 5233 error.
