3250 6617
382 1061 445 1126 116
750 1063 782 1124 S.
799 1058 1056 1124 CLEMENTIS

379 1268 476 1332 μενοι
494 1238 551 1312 καὶ
569 1267 618 1332 μη
637 1233 770 1334 λόγοις·
799 1235 895 1335 λε’γει
913 1231 994 1337 γόρ,
1007 1233 1088 1312 “Ὁ
1100 1265 1145 1311 τα
1162 1227 1290 1311 πολλὰ
1307 1228 1432 1330 λέγων

381 1372 403 1409 “
421 1365 478 1440 καὶ
496 1360 762 1442 ἀντακούσεται·
790 1359 812 1460 ἦ
833 1364 852 1442 ό
870 1364 1024 1445 εὐλοιλος
1042 1357 1147 1439 οἴεται
1165 1352 1251 1435 εἶναι
1269 1357 1427 1452 δίιταιοςς

381 1500 402 1536 “
419 1489 654 1589 εὐλογημένος
688 1487 854 1591 γεννητὸς
888 1486 1053 1589 γυναικός
1089 1481 1282 1586 όλιγόβιος.
1358 1479 1430 1581 Μὴ

379 1626 402 1663 “
420 1614 535 1700 πολύς
559 1619 597 1695 ε’ν
615 1615 773 1722 ῥήμασιν
790 1613 926 1717 γίνου.”
983 1615 1032 1692 Ὁ
1050 1611 1190 1696 ἔπαινος
1211 1611 1312 1710 ἡμῶν
1329 1609 1430 1690 ἴστω

379 1745 415 1820 ε’ν
434 1744 530 1849 Θεῷ,
552 1745 609 1822 καὶ
626 1740 676 1841 μὴ
694 1741 739 1847 ἐξ
755 1744 883 1821 αὐτῶν·
915 1736 1180 1824 αὐτεπαινετούς
1198 1736 1270 1841 γόιρ
1289 1742 1395 1836 μισεῖ
1409 1740 1461 1822 65

381 1868 483 1955 Θεός.
540 1871 590 1949 Ἡ
617 1871 790 1974 μοιρτνρίοι
820 1874 883 1968 τῆς
910 1871 1047 1969 ἀγαθῆς
1068 1864 1232 1971 πράξεως
1251 1865 1353 1964 ἡμῶν
1371 1867 1426 1943 δι·

380 1997 500 2078 δόσθω
519 2000 575 2079 ὑπ’
596 1999 735 2095 ἄλλων,
756 1995 872 2082 καθὼς
899 1993 1000 2097 ἐδόθη
1027 2000 1102 2080 τοῖς
1126 1992 1307 2098 πατράσιν
1324 1993 1428 2091 ἡμῶν

379 2133 452 2210 τοῖς
480 2127 634 2210 δικαίοις.
695 2123 845 2228 θράσος
863 2127 920 2204 καὶ
934 2120 1099 2203 αὐθάδεια
1122 2123 1180 2201 καὶ
1203 2121 1332 2220 τόλμα,
1351 2126 1430 2205 τοῖς

380 2252 629 2357 κατηραμένοις
656 2251 725 2333 ὑπὸ
752 2262 817 2332 τοῦ
848 2257 955 2331 Θεοῦ·
986 2249 1143 2330 ἐπιείκεια
1172 2249 1229 2327 καὶ
1260 2280 1427 2328 ταπεινο-

380 2378 546 2487 φροσόνη
570 2384 627 2460 καὶ
654 2376 826 2483 πραότης,
857 2376 954 2481 παρὰ
980 2385 1055 2461 τοῖς
1083 2373 1330 2477 εὐλογημένοις
1357 2372 1430 2455 ὑπὸ
1447 2412 1484 2450 ιο

381 2516 444 2586 τοῦ
471 2512 575 2588 θεοῦ.

215 2650 363 2765 &mpo-
437 2630 529 2713 AA'.
569 2639 816 2734 Κολληθῶμεν
846 2633 908 2712 οὖν
937 2669 982 2737 τη
1021 2631 1169 2738 εὐλογίᾳ
1205 2631 1327 2727 αὐτοῦ,
1368 2630 1430 2707 καὶ

216 2796 275 2896 33
285 2782 345 2896 (οὶὲη-
381 2761 508 2860 ἴδωμεν
525 2762 615 2846 τίνες
642 2765 678 2840 αἱ
706 2765 780 2841 ὁδοὶ
807 2765 871 2859 τῆς
891 2758 1064 2860 εὐλογίας·
1094 2753 1363 2860 ἁνατυλίξωμεν
1382 2754 1429 2835 τὰ

217 2929 356 2976 sequamur,
381 2887 440 2968 ἀπ’
460 2890 572 2993 ἀρχῆς
589 2886 770 2989 γενόμενα.
819 2887 926 2972 Τίνος
944 2884 1048 2993 χάριν
1066 2885 1251 2986 ηὐλογήθη
1270 2886 1290 2963 ό
1306 2881 1429 2987 πατὴρ

216 2978 355 3120 Ῐόέὐλῗοῑ
381 3016 480 3114 ἡμῶν
502 3013 672 3118 Ἀβραάμ
684 3049 694 3111 ;
726 3017 804 3120 οὐχὶ
834 3013 1061 3113 δικαιοσύνην
1088 3017 1147 3092 καὶ
1174 3010 1341 3113 ἀλήθειαν
1370 3009 1429 3090 διὰ
1446 3049 1483 3109 15

217 3109 343 3224 όόόοῗώι
382 3143 533 3224 πίστεως
550 3140 729 3241 ποιήσας;
760 3141 888 3221 Ἰσαὰκ
915 3141 1003 3241 μετὰ
1024 3139 1282 3245 πεποιθήσ[εως
1304 3137 1426 3244 ymo]-

381 3394 478 3454 pugna
498 3378 528 3434 in
557 3378 687 3436 doctrino
714 3380 749 3437 de
772 3379 883 3438 Justifi-
923 3380 1013 3458 gelics
1039 3379 1125 3451 edita,
1152 3397 1204 3455 per
1235 3396 1308 3454 quae
1334 3377 1429 3435 omnis

382 3460 492 3517 catione
513 3460 646 3535 objicitur
657 3481 664 3531 3
687 3480 775 3537 quum
789 3462 884 3519 videa·
923 3460 1056 3539 gloriatio
1073 3467 1102 3518 et
1116 3459 1251 3518 meritum
1272 3458 1427 3516 excludun-

383 3561 446 3598 mus
480 3541 599 3598 eandem
626 3545 826 3615 ἐναπιοφάνειαν
853 3543 882 3599 in
922 3551 979 3613 tur,
1004 3543 1045 3600 ita
1067 3551 1101 3599 ut
1124 3540 1193 3599 haec
1216 3559 1303 3616 opera
1324 3539 1370 3598 vel
1397 3540 1427 3597 in

383 3642 440 3680 uno
457 3623 612 3699 eodemque
630 3623 752 3696 homine,
767 3625 816 3700 qui
837 3624 884 3681 iis-
923 3625 985 3701 ipss
998 3625 1054 3682 fide
1067 3622 1258 3692 includantur,
1272 3620 1317 3680 vel
1337 3621 1375 3678 ab
1396 3641 1429 3679 ea

383 3705 448 3761 dem
469 3704 544 3762 vixit
567 3705 749 3781 temporibus,
802 3706 885 3764 Olore
923 3706 1024 3765 saltem
1058 3704 1137 3761 nullo
1178 3703 1264 3762 modo
1301 3701 1428 3780 separari

383 3785 429 3843 hic
446 3784 577 3844 Clemens
593 3786 827 3862 justificationem
848 3807 885 3844 ex
925 3796 1037 3864 queant.
1060 3785 1172 3843 FREY.

383 3868 516 3943 operibus
529 3876 632 3944 urget3
647 3876 676 3926 et
689 3876 785 3926 temen
799 3868 884 3940 idem,
970 3889 992 3925 1.
1013 3871 1043 3924 ‘0
1064 3872 1095 3924 τὰ
1118 3869 1204 3924 πολλὰ
1229 3890 1253 3922 κ.
1272 3890 1296 3922 τ.
1314 3861 1354 3946 λ]
1381 3864 1427 3924 Sic

383 3968 452 4006 mox
484 3956 619 4025 sequente
652 3949 667 4024 ξ
696 3969 743 4023 32,
771 3970 885 4008 onmem
925 3950 1001 4026 apud
1023 3947 1112 4006 LXX.
1154 3947 1197 4006 At
1219 3947 1302 4005 aliter
1321 3946 1428 4005 Textus

384 4029 517 4105 operibus
536 4029 650 4101 nostris,
664 4030 828 4106 sapientiae,
843 4031 885 4107 pi·
927 4031 1082 4101 Hebraeus,
1110 4029 1269 4104 Nmuquid
1298 4027 1428 4085 multitu·

384 4111 462 4181 etati,
479 4110 538 4168 vim
555 4111 730 4187 justificandi
750 4112 885 4177 detrahit,
926 4113 992 4170 diui
1018 4112 1167 4170 verborum
1193 4130 1253 4168 ιιοτι
1279 4110 1427 4185 responde

383 4191 492 4268 solique
501 4192 567 4250 fidei
577 4212 640 4249 eam
650 4193 767 4251 tribuit:
782 4213 885 4271 nempe
925 4194 1010 4264 betur,
1025 4203 1050 4251 et
1063 4214 1136 4250 ιιιιιιι
1154 4192 1201 4250 vir
1214 4191 1358 4249 lubiorum
1364 4190 1426 4267 jas-

383 4293 441 4331 non
465 4273 502 4330 ed
529 4281 690 4332 nostrarum
718 4274 885 4333 Scholamm
925 4274 1103 4352 tisicubitorl
1124 4274 1230 4348 Νειροο
1252 4281 1319 4330 tune
1336 4271 1426 4330 bomi-

384 4355 519 4412 formulas
539 4364 569 4413 et
585 4355 758 4414 subtilitates
778 4358 883 4415 oratio·
925 4377 974 4414 ιιος
989 4367 1077 4413 tacere
1082 4355 1222 4430 sacient?
1243 4352 1346 4412 Versio
1359 4352 1427 4410 Vul-

384 4457 449 4493 ncm
476 4445 540 4494 tum
569 4457 752 4513 composuere
787 4438 885 4497 Sancti
925 4445 982 4515 get.
999 4436 1156 4512 Νιιιιιηιιίιί
1166 4435 1326 4511 quimcdta
1338 4434 1427 4510 loquat-

385 4517 456 4575 Viri.
481 4518 601 4575 Planum
616 4527 667 4584 est,
682 4538 771 4595 quum
784 4520 886 4578 adimit
926 4530 976 4577 tor
1001 4541 1062 4576 ιιοιι
1088 4528 1113 4576 et
1140 4517 1263 4575 audiet?
1303 4525 1357 4574 aut
1383 4516 1430 4573 vir

385 4599 517 4657 Clemens
551 4601 682 4675 operibus
712 4600 887 4676 justificandi
927 4601 1058 4659 curbones
1084 4598 1320 4676 jerstifioubitm?
1364 4596 1429 4654 lton·

385 4681 451 4753 vim,
467 4702 552 4758 opera
571 4681 693 4758 intelligi
711 4683 827 4758 proprie
846 4683 888 4739 in·
927 4684 981 4740 soli
998 4682 1127 4739 tacebunt
1145 4681 1298 4738 bomiscos?
1325 4677 1428 4737 WOT-

386 4761 505 4823 (lustris.
536 4763 644 4821 viribus
685 4764 816 4841 propriis,
850 4763 887 4821 sd
928 4764 1074 4822 TONUS.

386 4843 504 4901 ductum
553 4845 707 4920 sapientiae
748 4845 888 4922 humanae
970 4866 995 4919 3.
1011 4839 1138 4923 γεννητὸς]
1158 4842 1206 4900 Ita
1225 4840 1338 4912 Junius,
1360 4839 1429 4898 Fell.

386 4924 491 5000 absque
504 4926 778 5003 gratiaEvnngelica
792 4926 887 4984 edita:
928 4926 1020 4985 Wott.
1057 4926 1153 4984 Coust.
1188 4924 1261 4982 Gall.
1291 4922 1429 4980 Hornenu

386 5025 493 5068 rursus,
504 5026 592 5081 quum
607 5008 739 5083 operibus
750 5007 888 5083 justifica·
930 5008 1021 5066 Helel.
1041 5015 1070 5066 et
1086 5005 1253 5075 Dresselius,
1274 5024 1340 5062 cum
1361 5003 1429 5062 Oou

386 5086 494 5142 tionem
521 5088 661 5157 attribuit,
688 5089 889 5166 intelliguntur
929 5089 1014 5148 MSto
1035 5097 1065 5147 et
1086 5087 1166 5144 LXX
1188 5086 1259 5145 Intt.
1302 5085 1432 5144 Colume-

386 5187 480 5243 opera‚
495 5187 531 5224 ex
551 5168 615 5239 fide,
630 5188 665 5226 ex
685 5170 779 5245 gratia
793 5170 887 5227 Evan-
928 5172 995 5243 sius,
1030 5169 1196 5239 Ootelerius,
1230 5176 1259 5227 ct
1287 5165 1433 5226 Russelius
