3250 6617
580 1911 799 2010 INDEX
853 1915 1253 2011 EDITIONUM

489 2186 1078 2257 FABRICIO-HARLESIANO
1115 2191 1345 2256 AUCTIOR.

653 2591 680 2655 Ι.
705 2592 962 2656 CLEMENTIS
986 2592 1180 2656 ROMANI.

400 2750 492 2836 1633,
512 2751 629 2829 Orobii,
643 2774 674 2834 4.

524 2855 695 2919 Clementis
714 2856 849 2921 Romani
866 2856 1024 2941 Epistulas
1045 2856 1131 2941 typis
1152 2856 1272 2940 primus
1294 2857 1437 2921 omnium

483 2958 711 3042 consignandas
753 2959 874 3023 curavit
916 2961 1089 3024 Parnrcrus
1132 2960 1251 3024 Junrus
1292 2961 1437 3048 (Yocnq),

483 3059 776 3139 scoto-Britannus,
792 3062 924 3146 Collegii
945 3063 1030 3127 Novi
1053 3062 1128 3126 olim
1146 3062 1342 3146 capellanus,
1357 3071 1437 3130 tunc

481 3185 553 3226 vero
568 3164 717 3247 temporis
733 3163 944 3229 Bibliothecae
960 3164 1078 3249 Regiae
1093 3165 1236 3243 Curatur,
1252 3165 1302 3229 cui
1317 3166 1437 3232 scilicet

481 3266 676 3331 concreditus
699 3271 748 3330 est
771 3267 878 3331 Codex
902 3267 1144 3346 Alexandrinus,
1169 3289 1262 3352 quem
1285 3292 1314 3332 a.
1340 3270 1436 3350 1628,

480 3392 535 3453 per
551 3370 704 3434 Thomam
727 3370 804 3448 Boe,
825 3371 963 3455 equitem
984 3377 1140 3448 auratum,
1162 3370 1246 3455 apud
1264 3370 1436 3436 'firmanam

482 3471 706 3555 Imperatorem
724 3473 860 3557 Angliae
883 3473 981 3557 Regis
1003 3473 1155 3556 legatum,
1174 3471 1256 3536 dono
1278 3473 1318 3536 ad
1339 3474 1435 3538 Caro·

481 3572 547 3636 lum
563 3573 580 3635 1
599 3575 774 3639 transmisit
797 3575 935 3660 Cyrillus
960 3574 1098 3653 Lucaris,
1121 3573 1258 3657 primum
1282 3574 1317 3637 in
1338 3575 1434 3639 Alex-

480 3676 599 3755 andria,
625 3682 733 3761 postea
757 3678 791 3741 in
818 3676 1091 3761 Constantinopoli
1119 3676 1275 3741 Ecclesiae
1298 3675 1436 3742 Graecae

480 3778 668 3842 Patriarcha.

522 3882 572 3945 Ex
586 3883 646 3946 hoc
661 3881 775 3947 Codice
788 3883 1001 3947 vetustissimo
1017 3882 1136 3947 Graeca
1151 3881 1322 3946 Clementis
1336 3881 1435 3946 literis

479 3985 639 4069 quadratis
661 3986 862 4050 exscribenda
887 4009 953 4050 esse
975 3985 1076 4070 primo
1095 3985 1289 4071 judicaverat
1307 3983 1434 4048 Junius.

480 4088 592 4152 Postea
606 4110 679 4152 vero
701 4089 835 4174 priorem
855 4087 1031 4179 Epistolam
1053 4087 1152 4153 edidit
1173 4086 1280 4151 addita
1294 4085 1435 4150 versione

478 4190 604 4270 Latina,
627 4192 771 4275 notisque
795 4191 995 4255 illustratam.
1042 4191 1185 4277 Syllabas
1210 4196 1243 4254 et
1266 4211 1357 4254 voces
1379 4187 1433 4254 de·

477 4294 625 4380 perditas,
646 4300 678 4359 et
700 4293 806 4358 literas
821 4300 979 4358 vetustate
1001 4317 1118 4371 exesas,
1134 4292 1244 4378 spatiis
1265 4291 1433 4356 accuratis-

477 4397 565 4476 sime,
584 4405 622 4462 ut
645 4399 778 4483 ipsemet
801 4397 835 4460 in
855 4397 1050 4462 Praefatione
1073 4397 1249 4482 profitetur,
1271 4395 1433 4475 dimensis,

478 4500 645 4585 supplevit,
661 4506 695 4564 et
709 4500 806 4564 minio
822 4500 915 4563 rubro
930 4500 1071 4583 signatas
1090 4499 1252 4583 expressit,
1267 4504 1304 4561 ut
1322 4521 1341 4562 a
1361 4520 1433 4584 ger·

477 4626 569 4668 mano
585 4603 757 4668 Clementis
775 4608 867 4666 textu
882 4602 1024 4686 dignosci
1039 4609 1174 4686 possent.

519 4703 570 4767 Ad
594 4705 709 4768 calcem
733 4704 805 4767 libri
829 4705 961 4790 subjecit
978 4705 1138 4790 Epistulae
1159 4705 1338 4790 posterioris
1361 4703 1434 4769 reli-

476 4807 564 4890 quias
590 4807 708 4871 Graece
733 4813 872 4887 tantum,
896 4830 997 4892 neque
1022 4808 1105 4872 notis
1135 4808 1307 4873 illustratas
1331 4829 1433 4893 neque

477 4909 733 4994 interpretatione
748 4910 898 4988 donatas3
917 4910 1005 4974 nulla
1019 4933 1093 4976 cura
1106 4911 1146 4976 ad
1161 4911 1343 4977 lacunarum
1357 4933 1432 4995 sup·

476 5012 634 5096 plementa
647 5013 872 5097 distinguenda
885 5013 1035 5079 adhibita.

395 5117 487 5201 1637,
503 5114 622 5180 Iterata
636 5122 686 5180 est
699 5116 774 5180 baec
789 5116 894 5180 editio.
