3250 6617
362 1060 372 1122 1
610 1059 938 1124 RECENTIORUM
961 1062 981 1123 J
986 1061 1146 1125 UDICIA

361 1227 450 1310 probi
465 1250 563 1310 quum
578 1229 695 1292 fuerint
715 1252 750 1293 ac
772 1231 848 1294 satis
869 1231 1058 1315 perspicaces
1073 1232 1144 1310 viri,
1162 1254 1296 1315 quorum
1316 1233 1411 1296 testi·

363 1330 503 1394 monium
523 1331 653 1395 minime
672 1332 874 1417 rejiciendum
894 1341 952 1413 cst,
971 1357 1069 1418 quum
1092 1334 1157 1398 sint
1179 1341 1277 1399 testes
1301 1335 1411 1400 idonei

363 1434 421 1496 hac
439 1433 473 1496 in
492 1456 534 1512 re,
550 1434 603 1518 qui
623 1457 722 1519 neque
742 1436 801 1520 ipsi
821 1437 911 1501 facile
931 1437 1123 1515 fallerentur,
1138 1461 1238 1522 neque
1252 1439 1331 1503 alios
1346 1438 1409 1502 nisi

362 1535 456 1599 inviti
482 1536 635 1615 fallerent,
659 1560 765 1602 eorum
792 1546 899 1604 autem
925 1541 1149 1604 authoritatem
1175 1541 1305 1606 ulterius
1332 1565 1408 1606 eon-

363 1638 468 1703 firmat
497 1648 607 1704 mutua
642 1641 765 1706 illorum
799 1644 984 1721 consensio;
1022 1643 1098 1708 dum
1127 1644 1161 1707 in
1191 1645 1300 1709 iisdem
1331 1645 1409 1710 loeis

362 1742 495 1806 citandis
524 1744 642 1828 optime
671 1744 754 1809 inter
782 1769 815 1810 se
844 1769 880 1810 ac
909 1769 982 1810 cum
1012 1747 1156 1810 Medioeo
1187 1747 1302 1812 Codice
1331 1771 1407 1812 con·

363 1849 504 1912 veniunt.
550 1850 644 1914 Quod
669 1850 708 1914 ad
738 1852 902 1916 citationes
928 1852 1055 1916 Eusebii
1081 1860 1114 1916 et
1140 1854 1178 1916 B.
1208 1853 1407 1938 Hieronymi,

362 1952 509 2036 quicquid
531 1953 602 2037 ipsi,
617 1977 715 2038 quum
729 1955 772 2018 sit
786 1955 983 2040 praejudiciis
998 1960 1085 2019 totus
1107 1963 1286 2040 occupatus,
1301 1957 1407 2020 visum

363 2055 466 2132 fuerit,
497 2063 623 2119 tantum
653 2057 752 2134 abest,
782 2058 859 2141 quin
889 2058 1084 2122 authentiam
1114 2059 1300 2123 Breviorum
1328 2059 1407 2143 Epi-

362 2159 513 2222 stolarum
541 2160 744 2238 imminuant,
774 2167 812 2224 ut
840 2184 909 2226 eam
945 2162 1082 2226 multum
1116 2163 1310 2226 confirment.
1367 2164 1407 2226 In

363 2262 542 2347 hujusmodi
571 2263 656 2326 enim
686 2265 829 2328 examine
864 2265 1068 2343 instituendo,
1098 2289 1136 2329 ex
1165 2289 1227 2350 quo
1250 2267 1408 2351 judicium

363 2365 480 2430 feratur
505 2366 544 2430 de
570 2366 692 2430 duobus
721 2367 856 2451 scriptis,
883 2391 980 2453 quum
1009 2373 1178 2453 utrumque
1202 2393 1311 2434 verum
1341 2393 1409 2434 esse

363 2491 398 2532 ae
421 2470 639 2535 authenticum
663 2494 736 2554 prae
761 2494 794 2535 se
820 2472 911 2550 ferat,
934 2495 997 2535 non
1023 2478 1149 2535 tantum
1176 2473 1216 2536 ad
1241 2496 1408 2537 numerum

363 2571 606 2658 discrepantium
632 2575 804 2639 lectionum
829 2582 953 2660 oportet
977 2575 1197 2651 attendamus;
1220 2576 1273 2640 sed
1299 2582 1332 2640 et
1358 2577 1407 2641 in·

363 2699 454 2760 super
469 2678 655 2762 cogitemus,
671 2680 758 2762 cujus
773 2678 838 2741 sint
853 2679 1016 2756 momenti,
1032 2679 1081 2742 vel
1097 2678 1137 2742 ad
1151 2677 1408 2758 confirmandam,

363 2779 411 2843 vel
427 2780 466 2844 ad
482 2781 664 2845 elevandam
683 2781 791 2865 scripti
806 2782 937 2866 alicujus
952 2781 1158 2845 authentiam.
1205 2782 1292 2846 Male
1307 2781 1409 2866 igitur

362 2885 402 2947 ab
428 2885 487 2948 hoc
512 2885 655 2949 Autbore
681 2885 863 2949 instituitur
888 2885 1025 2948 calculus
1050 2908 1135 2963 suus,
1161 2884 1215 2968 qui
1242 2907 1409 2949 numerum

362 2987 467 3070 potius
493 3010 588 3070 quam
615 2986 738 3071 pondus
761 3010 879 3065 eorum,
905 2988 1018 3071 quibus
1042 2994 1173 3071 utraque
1195 2987 1410 3070 Epistolarum

364 3090 493 3174 Sylloge
510 3090 550 3153 ab
565 3091 701 3154 Eusebio
717 3091 872 3174 discrepat
888 3090 920 3153 in
935 3090 985 3168 iis,
997 3113 1075 3174 quae
1089 3092 1129 3154 ab
1144 3090 1211 3173 ipso
1226 3112 1265 3153 ex
1280 3089 1409 3174 Ignatio

363 3194 513 3271 citantur,
536 3194 766 3258 aestimandum
791 3201 921 3270 censet,
956 3217 1053 3278 quum
1084 3194 1174 3278 siqua
1203 3194 1283 3258 forte
1312 3192 1346 3255 in
1376 3214 1409 3256 re

364 3297 500 3381 Majores
527 3297 686 3381 Epistolae
713 3320 785 3360 cum
812 3296 947 3360 Eusebio
974 3296 1086 3359 melius
1112 3297 1311 3373 conveniant,
1330 3294 1410 3359 levis

363 3425 399 3465 ac
422 3401 538 3465 nullius
557 3402 621 3464 fere
641 3401 792 3464 momenti
816 3401 858 3464 sit
880 3400 1090 3484 discrepantia
1112 3400 1194 3464 inter
1214 3400 1350 3484 Majoms
1373 3422 1410 3463 ac

363 3505 505 3570 Minores
520 3505 688 3589 Epistoles,
705 3528 843 3589 quaeque
859 3505 948 3568 t'acile
969 3527 1007 3568 ex
1028 3503 1159 3568 diversis
1175 3503 1273 3567 Codd.
1290 3503 1409 3565 Manu·

363 3609 488 3693 scriptis
517 3608 685 3672 earundem
715 3608 928 3692 Epistolarum
958 3608 1032 3671 oriri
1061 3608 1185 3692 potuit;
1218 3606 1300 3691 quod
1329 3605 1411 3669 inita

364 3712 594 3797 comparatione
623 3711 700 3775 satis
730 3712 906 3776 constabit:
947 3711 1161 3795 Hieronymus
1191 3733 1264 3775 vero
1294 3709 1328 3772 in
1357 3709 1410 3772 his

363 3817 498 3882 citandis
520 3816 630 3880 melius
651 3839 724 3880 cum
745 3815 889 3879 Medicec
906 3815 1020 3879 Codice
1040 3813 1188 3878 convenit
1209 3814 1248 3877 iis
1269 3812 1303 3876 in
1322 3812 1410 3890 locis,

363 3922 418 3985 ubi
443 3921 596 3985 Eusebius
622 3943 658 3984 ac
682 3920 819 4004 Majores
841 3919 1001 4003 Epistolae
1028 3917 1231 3982 consentiunt
1256 3917 1339 3980 inter
1364 3939 1409 3996 se,

363 4027 440 4090 dum
455 4025 629 4109 paullulum
644 4024 821 4107 discrepent
837 4046 856 4086 a
871 4022 1051 4086 Minoribus
1066 4021 1227 4106 Epistolis.
1271 4021 1318 4083 At
1332 4020 1411 4084 dum

364 4129 398 4192 in
422 4128 588 4192 levioribus
611 4127 695 4191 inter
718 4150 751 4190 se
774 4126 940 4191 convenire
961 4125 1118 4202 videntur,
1134 4146 1212 4209 quae
1234 4123 1326 4186 nihili
1346 4123 1410 4187 fere

364 4239 450 4309 sunt,
466 4229 619 4294 Eusebius
633 4236 666 4292 et
680 4229 841 4313 Epistolae
857 4229 1079 4314 Interpolatae,
1095 4228 1129 4290 in
1143 4248 1176 4290 re
1191 4249 1265 4290 sane
1280 4224 1410 4288 maximi

365 4333 518 4398 momenti
541 4331 623 4396 inter
644 4355 677 4396 se
699 4333 887 4418 discrepant,
903 4333 937 4396 in
957 4356 1019 4418 qua
1039 4338 1146 4395 tamen
1161 4328 1315 4393 Eusebius
1336 4351 1410 4393 cum

365 4435 515 4522 Epistolis
531 4435 729 4502 Brevioribus
750 4438 869 4522 optime
890 4435 1058 4512 couvenit;
1082 4433 1167 4518 quod
1186 4431 1286 4496 cuivis
1303 4431 1411 4496 videre

365 4547 414 4607 est
434 4563 471 4603 cx
493 4547 567 4604 noto
586 4539 639 4604 illo
658 4565 694 4605 ac
713 4542 827 4606 celebri
842 4542 909 4605 loco
924 4563 962 4604 ex
978 4540 1037 4623 Ep.
1054 4538 1094 4601 ad
1110 4537 1297 4621 Smymaeos
1318 4535 1351 4619 [d
1368 4535 1404 4620 3]

364 4645 473 4720 citato,
488 4642 520 4706 in
544 4666 604 4727 quo
626 4644 750 4709 citando
772 4668 871 4730 paene
892 4643 932 4707 ad
951 4643 1081 4706 verbum
1104 4638 1307 4704 consentiunt
1326 4637 1411 4700 inter

364 4753 441 4810 sect
453 4767 524 4808 cum
535 4746 675 4812 Mediceo
685 4749 799 4813 Codice
808 4747 974 4824 Eusebius,
987 4746 1213 4828 Hieronymus,
1223 4764 1258 4804 ac
1267 4739 1408 4804 Theodo-

365 4856 468 4925 retus3
492 4849 567 4912 dum
582 4850 698 4935 singuli
714 4853 885 4936 plurimum
901 4848 1091 4914 dissentiant
1106 4870 1124 4909 a
1140 4844 1268 4908 caeteris
1284 4842 1408 4906 Codici-

364 4945 434 5023 bus,
465 4945 535 5025 nisi,
561 4948 613 5032 qui
645 4950 822 5015 Mediccum
853 4957 1038 5034 sequuntur,
1069 4943 1297 5028 Manuscriptis
1327 4942 1407 5005 Coll.

365 5048 468 5111 Gonv.
494 5055 526 5112 ct
551 5051 630 5129 Caii,
654 5077 689 5117 ac
715 5053 917 5118 Montucutii.
972 5053 1021 5116 De
1045 5048 1249 5114 allusionibus
1276 5048 1408 5110 Sancto·

365 5175 434 5215 nun
451 5151 578 5217 Petrum
600 5154 638 5219 ad
664 5156 817 5241 Epistolas
840 5158 877 5219 11.
895 5155 1014 5238 Ignatii
1039 5155 1098 5217 hoc
1121 5175 1219 5215 unum
1241 5148 1408 5214 dicendum
