3250 6617
509 1088 570 1151 AD
593 1088 884 1166 CORINTHIOS,
908 1090 961 1151 xii.
1221 1096 1263 1157 58

221 1264 340 1363 iqitnr
357 1290 491 1363 capere
507 1263 613 1338 ilium
629 1265 730 1339 cobis·
746 1264 952 1361 eontiqerit,
971 1264 1190 1339 incolumem
1207 1292 1265 1340 nte

218 1394 371 1468 seruate,
398 1395 431 1455 et
465 1380 616 1455 domum
639 1381 769 1480 potuis
798 1380 880 1455 inei.
937 1381 990 1455 Et
1016 1382 1192 1457 dixerunt
1220 1384 1265 1467 ei,

219 1496 374 1573 Eueniet
408 1496 478 1571 tibi
512 1510 550 1569 nt
584 1497 734 1595 loquuta
768 1522 830 1583 es,·
864 1498 1022 1571 sirnnuto
1052 1497 1172 1595 iqitnr
1201 1524 1267 1572 nos

219 1613 569 1714 appropinquantes
595 1613 817 1711 eoqnooeris,
844 1627 1015 1711 coqnutos
1040 1629 1119 1689 tuos
1145 1640 1267 1688 ornnes

219 1732 286 1806 sub
303 1744 394 1805 tecto
410 1744 472 1803 tno
489 1730 738 1828 eonqreqoiie
757 1743 788 1804 et
805 1732 1071 1817 solon-inritum
1097 1743 1266 1829 quotquot

219 1874 307 1923 noro
324 1861 431 1922 extro
447 1844 599 1921 clornnni
616 1860 718 1921 tuom
735 1847 979 1934 invenientur,
991 1848 1179 1947 peribunt.
1215 1848 1269 1922 Et

221 1964 370 2065 signum
411 1962 498 2037 dare
538 1962 771 2049 addiderunt,
806 1972 851 2037 ut
884 1964 1089 2038 funiculum
1131 1963 1269 2038 scilieet

221 2080 427 2155 coccineum
454 2081 500 2154 de
530 2080 660 2154 domus
690 2079 830 2179 pariete
864 2081 1100 2157 demitteret:
1137 2091 1268 2154 notum

222 2197 408 2285 facientes,
434 2198 533 2297 quod
567 2196 746 2284 omnibus,
775 2198 839 2296 qui
865 2198 1021 2272 credunt
1051 2210 1089 2272 et
1119 2207 1269 2297 sperant

222 2314 263 2388 in
279 2314 412 2401 Deum,
434 2339 501 2413 per
525 2313 742 2412 sanguinem
763 2314 914 2388 Domini
938 2315 1116 2389 redemtio
1142 2316 1270 2389 futura

222 2432 282 2506 sit.
334 2430 481 2518 Videte,
508 2430 643 2518 dilecti,
672 2457 746 2505 non
779 2431 898 2505 solum
931 2431 1032 2519 fides,
1061 2433 1126 2506 sed
1157 2433 1269 2506 etiam

223 2546 417 2647 prophetia
440 2547 480 2619 in
505 2546 655 2621 muliere
680 2546 761 2620 fuit.

227 2766 728 2925 3333333333333
769 2765 1271 2924 333333333333

228 2940 236 2963 ⁸
248 2930 360 2989 dicens:
371 2928 527 2987 Publiceni
538 2939 563 2987 et
573 2929 730 2987 meratina
770 2929 987 3006 ‘praesentibus
1003 2948 1072 2987 vero
1091 2928 1191 3000 credit,
1205 2949 1272 3005 pro·

228 3016 236 3043 ‘
244 3010 421 3087 prunedum
433 3030 483 3069 uos
495 3011 530 3068 in
542 3032 629 3086 reqno
645 3012 728 3069 coele
770 3010 892 3087 ‘plretat
915 3018 1011 3069 autem
1036 3017 1065 3069 et
1086 3010 1272 3087 praenunciat

228 3092 335 3151 ‘runt’
377 3091 463 3150 Plura
486 3092 593 3151 indicat
618 3092 730 3151 Cotele·
770 3092 829 3150 ‘de
842 3091 964 3150 futuris?
979 3088 1115 3150 COTEL.
1151 3091 1272 3169 Aliquos

228 3174 295 3247 rius,
319 3193 343 3232 e.
367 3194 395 3251 g.
420 3172 536 3252 Origen.
563 3173 671 3233 Homil.
698 3173 729 3230 iii
771 3194 807 3231 ex
829 3173 935 3231 sanctis
959 3173 1092 3232 Patribus
1116 3174 1272 3251 explicasse

229 3262 258 3315 et
271 3256 300 3313 vi
327 3255 359 3313 in
389 3254 489 3313 Jesum
518 3256 607 3327 Nave,
636 3262 665 3313 ct
693 3255 730 3312 ad
772 3255 799 3313 S.
826 3255 988 3331 Scripturas
1012 3255 1098 3312 nimis
1121 3255 1272 3333 allegorice

230 3336 258 3397 S.
286 3335 392 3395 March.
421 3336 502 3395 xxvii
534 3339 580 3405 28,
607 3336 731 3394 Ambro-
771 3356 828 3394 non
843 3344 886 3395 est
900 3335 1079 3395 diffitendum
1090 3357 1099 3409 3
1120 3357 1204 3395 nemo
1223 3356 1273 3394 au-

229 3418 312 3489 cium,
331 3417 406 3476 libro
426 3418 462 3477 de
484 3417 643 3489 Salomone,
665 3418 680 3494 ξ
703 3433 730 3491 5,
771 3427 832 3476 tem
853 3417 883 3474 in
905 3417 959 3476 hoc
981 3417 1142 3494 explicandi
1160 3438 1273 3495 genere,

229 3498 729 3640 irlppiniiiliiiiiii‘ii‘
771 3499 940 3639 titt?
961 3499 1274 3639 lttl³⁰⁶t⁰tlt⁸t

231 3600 391 3740 iie1i85ir
416 3662 459 3720 ed
480 3662 585 3721 Bened.
628 3626 733 3721 Iiiero'
773 3661 893 3720 indulsit
914 3601 1000 3739 qiuarir
1021 3602 1168 3739 Origcires
1189 3681 1274 3738 quem

231 3762 359 3822 nymum‚
374 3743 426 3820 Ep.
442 3742 463 3801 ii
483 3744 500 3802 i
517 3763 540 3802 e.
555 3744 588 3802 lii
605 3744 648 3801 ed.
664 3744 733 3801 Val·
772 3751 878 3816 tamen,
899 3744 980 3819 quasi
1000 3764 1073 3801 unus
1091 3763 1160 3820 prae
1184 3742 1276 3800 omni-

231 3826 295 3885 lm
321 3824 371 3883 ‘in
395 3832 466 3902 typo
485 3824 628 3884 Ecclesiae
651 3825 733 3884 resti·
772 3826 826 3883 bus
846 3844 940 3882 sacres
961 3824 1073 3883 Literas
1093 3824 1275 3900 intelligeret,

233 3906 357 3978 ‘cutam
384 3906 554 3983 mysterium
587 3906 733 3983 sanguinis
773 3914 802 3966 et
817 3906 1010 3965 Christianam
1030 3906 1116 3964 fidem
1130 3906 1206 3964 solus
1220 3904 1277 3962 cel-

233 3992 242 4021 ‘
254 3988 469 4048 continentem!
531 3988 733 4065 Augustiuum,
773 3988 854 4059 leret,
882 3994 1032 4064 tantopere
1059 3987 1180 4045 efferunt
1207 4006 1277 4044 nou-

232 4070 263 4129 in
283 4070 330 4130 Ps.
345 4068 447 4127 lxxxvi
466 4088 493 4141 4,
514 4068 734 4139 Theodoretum,
775 4069 856 4141 nulli,
879 4076 908 4127 ct
932 4070 968 4127 de
995 4089 1029 4126 co
1056 4070 1162 4145 ubique
1189 4067 1278 4145 glori-

234 4150 351 4226 Quaest.
383 4169 398 4207 2
427 4150 458 4209 in
485 4149 614 4223 desuem,
641 4158 672 4209 et
699 4150 736 4207 ad
776 4159 881 4221 antur;
903 4171 937 4209 eo
958 4151 1113 4227 quodque
1129 4151 1204 4227 jure,
1221 4169 1279 4226 qua

234 4252 258 4292 e
286 4232 318 4291 xi
344 4251 418 4291 vers
448 4250 484 4307 31
520 4231 667 4310 Epistolae
699 4231 736 4290 ad
762 4231 890 4309 injuria,
917 4232 965 4289 alii
989 4232 1128 4309 judicent,
1155 4231 1280 4309 plurima

235 4314 394 4373 Hebraeos.
778 4311 919 4372 haeretice
973 4313 1092 4372 sensisse
1138 4312 1277 4371 tradatur.

278 4414 324 4454 10.
347 4398 379 4453 ot
404 4400 482 4467 μόνον
501 4398 597 4462 πίστις,
614 4418 637 4453 κ.
652 4419 674 4452 r.
691 4396 732 4468 λ,]
778 4394 897 4472 Origeni
920 4394 987 4453 licet
1011 4394 1116 4471 ubique
1137 4393 1281 4471 allegoriis

236 4476 385 4556 Origenes,
398 4476 486 4535 Hom.
501 4476 533 4534 iii
553 4495 624 4535 mox
641 4475 737 4545 citata,
778 4484 894 4548 scatere,
919 4496 1008 4553 caque
1035 4495 1108 4552 quae
1134 4482 1202 4533 sunt
1224 4475 1279 4532 cla-

240 4558 270 4635 [§
284 4582 313 4633 4,
331 4566 403 4653 tour.
423 4558 445 4616 ii
465 4578 493 4635 p.
513 4577 572 4653 ⁴⁰3
594 4557 637 4616 ed
654 4553 736 4636 Bem]
779 4557 892 4615 tissima
905 4557 1055 4635 allegorice
1065 4556 1281 4651 interpretppdo

239 4640 739 4800 mni
778 4638 1282 4779 disterminum

239 4804 327 4945 lit
342 4800 741 4943 uterentur
779 4799 1284 4954 territurium

241 4904 387 5025 ‘tradiiiit
410 4965 489 5025 voltis
519 4975 628 5025 terram
656 4964 738 5024 nanc.
780 4965 812 5023 in
826 4903 903 5036 leiti,
917 4965 1122 5041 interpretatus
1140 4902 1284 5022 elitmodo

242 5046 352 5107 ‘ude
371 5047 516 5125 quomodo
531 5047 589 5119 ille,
604 5066 677 5125 quse
690 5046 740 5104 eli·
781 5045 934 5123 allegorico
955 5046 983 5104 S.
1000 5044 1162 5122 Scripturas
1179 5045 1285 5105 veteris

243 5128 377 5207 ‘quaudo
389 5136 453 5189 erat
464 5129 604 5189 meretrix
614 5136 644 5188 et
653 5127 743 5205 impia
782 5127 960 5187 Testamenti
973 5147 980 5199 ;
1001 5127 1091 5185 immo
1104 5135 1135 5186 et
1149 5127 1285 5186 Servatur

244 5214 296 5271 ‘et
314 5210 471 5285 immunde,
493 5230 571 5271 nune
593 5210 654 5288 jum
678 5208 742 5287 Spi-
783 5216 882 5270 noster
891 5210 976 5270 Jesus
985 5208 1117 5270 Christus
1126 5229 1185 5269 non
1198 5206 1286 5269 semel
