3250 6617
416 1092 472 1155 ‚nn
668 1090 999 1155 unonnmoauu
1024 1087 1211 1153 Junrcm
1295 1057 1305 1071 '

249 1286 366 1351 κωκυ·
460 1264 651 1348 Theophilus
680 1269 787 1327 autem
817 1262 1010 1348 Raynaudus
1039 1261 1073 1323 in
1102 1257 1336 1324 Erotematibus
1367 1265 1472 1342 negat

249 1352 303 1412 ‘¹¹²⁸’
316 1350 385 1413 '⁶⁵³‘
416 1367 593 1451 Epistolam
614 1365 654 1429 ad
669 1366 807 1428 Mariam
823 1365 991 1449 Deiparam
1012 1386 1078 1427 esse
1094 1362 1307 1447 Ignatianam.
1352 1360 1468 1444 “Epi-

417 1480 438 1509 “
454 1470 567 1535 stolam
592 1470 734 1546 tamen,’'
760 1468 876 1553 inquit,
902 1468 973 1530 “ad
996 1467 1133 1530 Mariam
1159 1465 1377 1530 Cassoboliten
1398 1486 1469 1529 esse

416 1581 438 1611 “
455 1574 487 1636 S.
506 1574 626 1660 Ignatii
646 1576 766 1637 foetum
785 1573 970 1657 genuinum,
989 1577 1078 1634 extra
1099 1569 1341 1634 controversiam
1359 1591 1445 1653 pono
1455 1600 1465 1653 3

416 1683 437 1714 “
453 1677 599 1761 quiequid
636 1677 827 1740 eontrarium
863 1675 954 1759 pauci
991 1674 1118 1759 quidam
1155 1673 1285 1738 Sectarii
1317 1671 1464 1736 effutive-

415 1788 437 1818 “
452 1781 550 1843 riut.”

247 1890 402 1953 albertinus,
458 1882 643 1945 Edmundus
667 1881 762 1946 etiam
782 1880 968 1943 Albertinus
995 1879 1117 1943 Usaerii
1139 1878 1405 1963 Responsionibus
1428 1882 1464 1941 et

292 1958 361 2020 ¹⁶⁵⁵'
417 1986 611 2050 Hammondi
635 1984 857 2049 Dissertationi
882 1984 1011 2047 minime
1033 1983 1201 2068 acquievit,
1224 1982 1330 2045 sedin
1354 1980 1462 2045 Libris

414 2088 452 2152 de
481 2088 681 2153 Eucharistia
711 2088 825 2151 Latine
850 2087 944 2151 editis
974 2087 1178 2151 decretoriam
1207 2086 1396 2149 sententiam
1426 2084 1462 2148 in

413 2191 487 2255 hace
503 2191 598 2254 verba
619 2190 769 2274 protulit:
794 2197 815 2227 “
827 2190 903 2252 Non
925 2189 1106 2272 negaverim
1122 2189 1287 2272 Ignatium
1302 2187 1462 2272 Epistolas

413 2302 434 2331 “
450 2292 568 2377 aliquas
592 2292 766 2376 scripsisse3
791 2292 846 2355 sed
871 2291 897 2354 si
924 2315 1001 2375 quas
1025 2292 1159 2376 scripsit,
1184 2292 1255 2356 illae
1278 2292 1439 2376 perierunt
1451 2317 1461 2368 3

413 2400 434 2429 “
450 2398 482 2455 ct
499 2394 602 2477 plures
628 2393 705 2456 aliae
730 2393 788 2456 sub
811 2392 896 2456 illius
919 2393 1045 2456 nomine
1069 2393 1150 2456 cirea
1171 2393 1308 2456 medium
1332 2392 1462 2455 secundi

414 2504 435 2533 “
451 2497 564 2559 saeculi
588 2497 777 2580 compositae
802 2501 887 2574 sunt,
912 2519 947 2558 ae
968 2496 1093 2560 incaute
1121 2503 1154 2561 et
1173 2498 1290 2580 absque
1316 2495 1464 2560 examine

366 2646 372 2658 .
415 2607 436 2636 “
451 2622 470 2661 a
486 2599 654 2663 Veteribus
678 2599 852 2682 receptae.’'
895 2599 939 2661 Et
963 2599 1071 2662 eodem
1095 2623 1177 2663 anno
1201 2599 1360 2663 Johannea
1381 2598 1462 2662 Dal·

413 2701 507 2779 laeuS,
532 2702 610 2765 libro
636 2703 674 2765 de
699 2701 833 2786 Jejuniis
856 2706 889 2764 et
914 2701 1163 2786 Quadragesima
1188 2703 1294 2780 tertio,
1319 2702 1461 2785 (Daren-

411 2804 500 2882 triae,
530 2806 622 2888 1654)
657 2806 806 2869 “Totum
831 2804 890 2868 hoc
915 2806 999 2889 quod
1023 2806 1145 2889 Ignatii
1176 2806 1302 2869 nomine
1325 2805 1462 2869 eircum-

412 2918 433 2947 “
449 2911 548 2972 fertur
564 2909 775 2992 Epistularum
798 2932 875 2992 opus
898 2909 1135 2993 supposititium
1155 2932 1231 2986 esse,
1247 2907 1462 2973 sanctissimo-

412 3020 432 3048 “
449 3034 509 3095 que
525 3011 662 3094 Martyri
685 3034 747 3073 non
768 3012 876 3095 paucis
894 3018 966 3095 post
981 3013 1046 3095 ejus
1066 3017 1200 3074 mortem
1219 3010 1309 3073 annis
1329 3010 1408 3074 falso
1427 3019 1463 3074 et

411 3123 503 3197 “per
530 3115 670 3177 {tetidem
699 3114 892 3197 adscriptum
918 3115 1024 3192 fuisse,
1051 3120 1118 3177 tam
1144 3113 1340 3177 evidentibus
1368 3122 1464 3197 patet

411 3225 432 3254 “
448 3216 654 3294 documentiS,
666 3224 703 3280 ut
717 3218 832 3280 mirum
848 3218 901 3294 sit,
914 3217 995 3281 hane
1010 3218 1216 3301 imposturam
1231 3216 1372 3280 homines
1387 3239 1462 3280 eru·

410 3329 432 3358 “
449 3320 620 3383 ditissimos
634 3327 701 3383 tam
716 3320 770 3383 diu
790 3321 887 3384 latere
909 3321 1048 3403 potuisse
1058 3321 1090 3397 ;’'
1113 3325 1146 3383 et
1161 3321 1199 3383 de
1215 3320 1277 3382 Sex
1292 3319 1364 3397 illis,
1381 3342 1463 3404 quas

412 3422 558 3486 Uenerius
585 3423 684 3485 voluit
708 3446 772 3487 esee
796 3446 867 3487 vere
898 3423 1094 3506 Ignatianas,
1119 3423 1213 3487 “Sed
1239 3423 1322 3507 quod
1347 3414 1463 3507 magni

411 3525 517 3588 “Viri
542 3548 616 3609 pace
643 3525 762 3589 dietum
785 3526 838 3603 sit,
861 3549 900 3589 nc
920 3526 999 3590 istae
1019 3527 1156 3611 quidem,
1179 3549 1255 3611 quas
1275 3526 1326 3591 ille
1352 3526 1461 3609 publi-

412 3638 433 3667 “
449 3628 543 3706 eavit,
559 3651 578 3691 a
593 3628 710 3692 meliori
726 3652 821 3713 quam
837 3637 974 3693 caeterae
991 3653 1085 3693 manu
1101 3653 1166 3694 esse
1180 3630 1361 3694 videntur.”

456 3731 588 3794 Interim
606 3738 711 3795 tamen
738 3755 800 3796 non
826 3738 875 3795 est
898 3732 1120 3811 omittendum,
1141 3734 1278 3796 nobilem
1304 3733 1337 3796 in
1355 3732 1459 3796 Theo·

412 3834 497 3917 legia
512 3834 675 3913 Criticum,
692 3836 870 3900 Johannem
894 3835 1068 3913 Morinum,
1089 3836 1210 3900 collatis
1232 3836 1361 3900 diversis
1379 3836 1459 3899 Edi-

411 3936 550 4000 tionibue
565 3960 602 4000 cx
619 3939 806 4021 Augustano
822 3944 855 4002 et
871 3937 1052 4000 Florentino
1068 3939 1235 4003 Codicibus
1250 3939 1458 4023 depromptis,

411 4039 444 4102 in
459 4038 552 4102 aliam
576 4039 666 4122 plane
681 4041 835 4104 diversam
856 4041 1052 4123 maximeque
1073 4042 1247 4105 mirandam
1266 4043 1459 4106 sententiam

410 4142 563 4205 incidisse.
602 4150 622 4180 “
635 4142 809 4227 Antiqua,’'
826 4143 940 4225 inquit,
956 4152 978 4181 “
989 4143 1227 4226 ignatianarum
1242 4145 1458 4229 Epistolarum

409 4253 431 4283 “
447 4243 554 4307 Editio
576 4245 749 4323 peturanum
772 4253 894 4309 textum
916 4245 1004 4308 nobis
1027 4247 1164 4325 exhibet,
1180 4271 1349 4312 novavere
1364 4272 1457 4313 man-

409 4356 431 4386 “
447 4370 517 4411 cum
534 4356 566 4409 et
579 4348 834 4432 iriterpmlaturnf'
857 4349 919 4435 [Dc
932 4350 964 4411 S.
976 4349 1093 4413 Ecelcs.
1107 4351 1216 4413 Ordin.
1231 4352 1266 4413 P.
1277 4351 1333 4414 ΙΙΙ
1342 4351 1377 4415 iii
1390 4354 1457 4440 11.]

242 4466 389 4531 1300th
455 4452 578 4514 Sarrum!
609 4460 712 4515 aretem
749 4452 930 4530 Bmdrartirs,
959 4453 1006 4515 vir
1034 4454 1243 4532 doctissimus,
1266 4455 1300 4517 in
1328 4455 1457 4540 ingenti

279 4532 350 4597 ¹⁶⁶5·
410 4576 511 4637 oluere,
531 4553 558 4615 ΙΙ
564 4556 721 4629 terrenior»,
742 4553 911 4637 Epistulam
936 4555 975 4618 ad
999 4555 1165 4634 Romanos,
1184 4557 1319 4621 Eusebio
1341 4558 1456 4639 visam,

410 4654 582 4738 probatam,
598 4666 690 4739 atque
713 4658 906 4733 defloratam,
924 4680 984 4719 non
1002 4666 1074 4720 ante
1096 4659 1297 4723 Constantini
1314 4662 1456 4745 Impera-

410 4756 487 4819 toria
502 4780 610 4819 warno
628 4762 773 4843 acrriptarn
793 4762 896 4836 tuine,
912 4784 1045 4823 exsecrere
1061 4784 1122 4823 non
1137 4763 1304 4827 dubitavit.

243 4888 369 4952 mm
453 4858 590 4923 'tandein
608 4862 767 4926 baanna„
787 4862 797 4925 1
803 4864 941 4941 tollimus,
951 4864 1127 4945 'theologum
1142 4889 1158 4929 c
1175 4867 1277 4930 Gallia
1293 4867 1455 4932 celeberri-

269 4954 337 5017 1654.
412 4986 493 5037 intra,
509 4962 708 5045 plurirntupre
725 4966 754 5027 in
774 4966 830 5025 boe
848 4967 1025 5048 pawnnim
1043 4991 1156 5048 genere
1171 4972 1455 5037 controversiarum

409 5064 574 5128 alaternus
601 5066 743 5147 apciton
770 5066 960 5145 notiauimuu,
983 5093 1042 5133 non
1068 5078 1233 5135 contentus
1255 5074 1294 5137 iis
1313 5098 1391 5159 quae
1415 5075 1455 5139 de

411 5168 575 5233 suentana
600 5172 769 5249 insufflatum
793 5168 904 5247 obiter,
921 5170 999 5235 libro
1015 5172 1052 5233 dc
1069 5173 1213 5256 dejuniis,
1229 5183 1402 5254 monuerat,
1419 5185 1453 5241 et·
