3250 6617
479 1092 541 1155 nn
563 1092 852 1171 conmrnros
869 1092 931 1156 ιιι.
1164 1092 1228 1159 169

182 1266 291 1339 occisi
320 1276 417 1353 sunt,
443 1266 507 1340 sed
532 1293 555 1339 e
583 1266 744 1341 scelestis
774 1277 813 1341 et
832 1266 970 1365 injuste
996 1266 1134 1339 invidio
1163 1266 1224 1339 ab·

181 1382 306 1483 reptis
358 1384 463 1477 Quae
480 1383 602 1457 omnia
627 1410 742 1483 quum
764 1394 987 1483 peterentur,
1005 1383 1158 1483 gloriose
1185 1394 1224 1459 et

180 1500 462 1601 magnanimiter
486 1500 662 1575 tulerunt.
714 1500 813 1593 Quid
840 1502 947 1587 enim,
971 1501 1111 1585 fratres,
1129 1502 1222 1575 dice·

182 1620 292 1689 mus?
312 1616 445 1689 Daniel
456 1616 497 1689 in
514 1616 723 1716 speluncam
740 1616 886 1691 leonum
904 1617 949 1691 ab
966 1617 1011 1689 iis
1024 1618 1088 1716 qui
1102 1618 1223 1692 Deum
1238 1634 1303 1684 Dan.
1315 1636 1339 1683 vi
1353 1634 1389 1683 1⁶.

181 1732 364 1806 timebant
379 1732 565 1833 conjectus
582 1738 665 1807 estl
683 1734 856 1821 Ananias,
871 1734 1031 1820 Anamis,
1045 1744 1083 1807 et
1094 1733 1222 1807 Misaol
1238 1752 1301 1802 mn.
1312 1754 1340 1801 nr
1351 1768 1389 1802 ιο.

182 1846 310 1921 inclusi
340 1859 429 1923 sunt
455 1850 495 1922 in
524 1849 686 1923 ardentis
712 1850 810 1949 ignis
839 1852 978 1924 camino
1005 1850 1051 1925 ab
1079 1851 1124 1923 iis
1158 1851 1222 1949 qui

180 1964 413 2065 magnificum
436 1976 476 2039 et
490 1966 687 2065 gloriosum
705 1966 885 2040 Altissimi
912 1967 1051 2040 cultum
1077 1968 1221 2066 profite-

179 2078 340 2155 bantur?
366 2082 478 2156 Absit
504 2082 571 2157 hoc
596 2110 752 2182 prorsus.
804 2083 963 2175 Quinam
993 2084 1107 2182 igitur
1134 2085 1221 2159 haec

180 2203 403 2295 patmnmtl
430 2198 676 2273 Abominandi
705 2209 743 2273 et
768 2201 866 2273 omni
894 2200 1033 2273 malitia
1055 2199 1153 2299 pleni
1183 2203 1219 2275 in

181 2322 326 2387 tantrun
360 2314 519 2388 furorem
552 2316 796 2389 contentionis
831 2317 953 2389 studio
986 2316 1128 2389 incitati
1165 2317 1218 2389 su-

181 2440 300 2517 erunt,
325 2440 371 2504 ut
398 2432 597 2505 servientes
626 2433 706 2505 Deo
741 2432 778 2505 in
813 2444 939 2505 sancto
968 2443 1007 2505 et
1035 2432 1222 2531 inculpato

180 2544 371 2621 voluntate
386 2548 580 2622 tormentis
596 2548 787 2646 injecerint
801 2579 811 2636 ;
838 2549 1057 2647 ignomntes,
1076 2548 1221 2623 Altissi-

178 2688 279 2735 mum
308 2674 617 2764 propugnatorem
644 2675 684 2738 et
712 2664 939 2739 defensorem
974 2692 1097 2739 eorum
1133 2694 1220 2753 esse,

177 2779 240 2877 qui
266 2779 307 2851 in
331 2806 425 2879 pura
452 2780 681 2867 conscientie,
703 2808 836 2855 nomen
862 2781 940 2879 ejus
966 2782 1061 2854 omni
1081 2783 1220 2858 virtute

177 2894 325 2995 plenum
350 2896 497 2972 colunt:
524 2898 582 2971 cui
612 2898 662 2971 sit
684 2897 800 2996 gloria
829 2898 867 2971 in
895 2898 1038 2972 saecula
1062 2902 1218 2975 saeurlo-

176 3038 265 3087 rum.
318 3016 448 3089 Amen.
499 3014 560 3088 Illi
585 3041 672 3088 vero
697 3016 736 3087 in
760 3014 894 3089 fiducia
918 3016 1102 3113 patienter
1131 3020 1218 3093 tole-

177 3308 246 3365 ene
272 3310 368 3363 ἑαυτῶν
389 3311 420 3365 αὖ
442 3312 560 3382 γίνονται.
602 3308 676 3366 Vide
716 3316 872 3383 περιβαλεῖν,
888 3310 941 3368 hoc
955 3309 1064 3369 scilicet
1077 3331 1169 3382 sensu,
1183 3323 1216 3369 ut

179 3386 371 3461 Herodotum,
390 3388 432 3447 vii
455 3408 519 3465 119.
543 3390 674 3447 DAVIS.
717 3390 752 3447 in
774 3392 936 3449 emaciatum.
960 3392 989 3467 (i.
1015 3412 1037 3450 e.
1064 3393 1217 3451 crucia-udi

177 3468 338 3529 Cotelerius
346 3470 585 3544 melletr’er'pqccv.
600 3472 677 3529 Huic
717 3472 818 3549 musa)
833 3474 898 3549 ipso
914 3474 1125 3531 circumdarent
1134 3496 1146 3543 ‚·
1166 3494 1214 3531 ro-

177 3570 272 3609 merae
299 3551 468 3629 conjiciendi
495 3552 626 3611 licentiae
647 3560 677 3613 ct
717 3574 834 3631 comque
847 3558 909 3627 πυρί
925 3555 962 3611 ol»
978 3562 1143 3631 sequentem
1156 3580 1215 3629 περι

175 3632 425 3693 temeritatirecte
438 3633 551 3693 obstitit
564 3633 677 3694 Wotto-
717 3635 861 3693 excidisse.
927 3636 982 3693 Sed
1017 3635 1101 3694 lectio
1136 3636 1213 3695 lllSti

176 3732 237 3771 nus
290 3714 430 3793 Exempla
457 3716 534 3773 vocis
560 3718 678 3789 ἐξερίζειν
717 3717 834 3775 omnino
862 3716 1009 3774 retinendo
1039 3725 1101 3783 est3
1138 3727 1214 3776 reete

175 3814 250 3873 quae
273 3795 454 3855 desiderabat
480 3796 537 3867 ille,
557 3798 677 3875 praebet
716 3798 791 3855 enim
806 3805 904 3855 monet
912 3798 1064 3855 Wottonus
1077 3798 1146 3855 hoec
1157 3818 1213 3857 uon

175 3874 315 3935 'llresauri
327 3898 346 3935 a
358 3876 504 3956 Stephano
519 3879 673 3937 conatmcti
715 3880 751 3938 de
764 3879 799 3937 iis
812 3888 925 3938 tantum
940 3879 995 3936 dici
1010 3880 1058 3956 qui
1073 3879 1102 3936 in
1117 3879 1212 3955 ignem

175 3956 266 4017 editio
286 3978 361 4017 nove
380 3958 561 4027 Puriaienais3
584 3980 675 4018 unum
714 3961 835 4037 conjecti
869 3962 991 4031 luerunt,
1025 3961 1074 4018 sed
1108 3961 1144 4019 de
1178 3962 1213 4021 iis

175 4058 280 4117 nempe
299 4060 316 4099 e
335 4040 478 4099 Plutarch.
493 4040 552 4100 vit.
574 4040 672 4119 Pomp.
715 4042 811 4113 etiem,
820 4043 856 4100 de
870 4042 972 4119 quibus
982 4042 1103 4118 legimus
1117 4044 1212 4119 paullo

176 4120 256 4195 556,
269 4120 393 4179 alterum
413 4142 450 4179 ex
463 4121 586 4200 Appian.
603 4123 672 4182 Bell.
713 4144 799 4200 supro
809 4144 819 4195 ;
850 4126 1007 4197 ἐδιώχθησαν
1031 4127 1211 4181 δίκαιοι-ἐλι-

175 4200 367 4277 clv.ll151.
411 4203 558 4263 Ruchatus
579 4206 674 4277 vertit,
714 4207 1085 4275 ἥσθησαν-ἀπεκτάνθησαν.

172 4284 227 4359 qui
243 4284 360 4341 vinnm
377 4287 398 4341 d
418 4295 457 4343 cd
476 4288 554 4343 ασέε
571 4287 606 4343 de
618 4285 673 4359 fu-
757 4304 800 4357 14.
817 4282 1208 4365 [rra]vupirp]chuntCud‹l.

172 4384 249 4423 νων.
278 4364 448 4443 Heraogius,
462 4366 673 4425 bismcsolclwr
713 4366 781 4443 imp.
794 4368 959 4426 cumJunio
973 4371 1088 4444 ἐναρίτιρ·
1102 4375 1132 4427 ot
1147 4369 1207 4427 MS.

179 4444 264 4505 Wort
276 4446 472 4506 mirantum
712 4468 769 4505 non
797 4450 926 4525 agnoseit
957 4471 989 4521 ε;
1030 4450 1210 4527 spoliumque

216 4546 262 4585 11.
277 4530 314 4587 εἶν
332 4530 413 4585 met
431 4530 599 4603 περιβαλεῖν]
618 4528 671 4586 Ju-
712 4538 778 4588 unte
798 4530 911 4588 literam
930 4556 943 4587 ν
959 4539 1003 4590 est
1021 4532 1122 4591 saltem
1142 4532 1209 4591 due

172 4606 246 4679 nius,
260 4608 588 4681 Fellus,etOolomesius
600 4611 671 4667 mcl—
712 4630 775 4667 rum
789 4611 945 4670 literarum.
976 4614 1107 4671 Restituo
1121 4614 1210 4689 igitur

170 4688 232 4749 lent
246 4692 283 4749 dc
301 4694 569 4765 ια’μινανπιριβαλεῑν,
583 4711 669 4768 quam
710 4696 848 4770 παναρίτιρ.
873 4694 993 4752 WOTT.
1052 4694 1134 4751 llanc
1154 4694 1209 4752 lec-

170 4770 323 4830 lecticnem
330 4772 510 4849 interpretati
518 4779 585 4830 sunt
591 4772 667 4831 Guil.
709 4773 826 4844 tionem,
841 4774 1028 4851 proculdubio
1041 4796 1146 4845 veram,
1160 4796 1207 4833 cx-

170 4850 282 4911 Burton
296 4860 326 4911 et
340 4852 508 4933 Herzogius.
535 4852 669 4911 Davisius
709 4854 809 4913 hibent
823 4856 931 4913 llussel.
948 4855 1075 4913 Gelland.
1094 4856 1205 4916 Home-

169 4932 242 5011 lcgit
261 4936 298 4993 ιίς
316 4938 397 4991 αίκίαν
411 4938 558 5009 προβαλεῖν.
602 4936 669 4994 Gal·
710 4955 803 4994 menn.
842 4937 933 4995 Helel.
971 4937 1145 5013 Reithmuyr.
1176 4949 1206 4999 et

167 5014 265 5073 landio
278 5015 433 5092 probabilis
445 5015 666 5075 videturemcn-
710 5018 875 5077 lli-essenus.
934 5019 1039 5076 Vocem
1068 5023 1206 5093 πανάριτον

167 5094 248 5155 datio
256 5096 353 5169 Birrii‚
368 5098 417 5175 qui
430 5097 590 5175 suspicetur
604 5098 668 5157 Glo-
708 5098 868 5176 frequentat
890 5102 910 5160 S
934 5101 1026 5159 Pater.
1069 5100 1109 5158 Cf.
1130 5102 1162 5178 βξ
1181 5122 1204 5175 ι,

167 5184 324 5237 mentem
333 5178 667 5256 κήμίΰθιῖςαῖκὶανπυρὶ
710 5200 736 5247 2,
751 5195 798 5255 57.

211 5290 283 5337 VOL.
297 5292 319 5337 1.
762 5296 779 5339 Z
