<?xml version="1.0" encoding="UTF-8"?>
<!DOCTYPE html PUBLIC "-//W3C//DTD XHTML 1.0 Transitional//EN"
    "http://www.w3.org/TR/xhtml1/DTD/xhtml1-transitional.dtd">
<html xmlns="http://www.w3.org/1999/xhtml" xml:lang="en" lang="en">
 <head>
  <title>
</title>
<meta http-equiv="Content-Type" content="text/html;charset=utf-8" />
  <meta name='ocr-system' content='tesseract 3.04.00' />
  <meta name='ocr-capabilities' content='ocr_page ocr_carea ocr_par ocr_line ocrx_word'/>
</head>
<body>
  <div class='ocr_page' id='page_1' title='image "./sclementisroman00polygoog_0065.png"; bbox 0 0 3250 6617; ppageno 0'>
   <div class='ocr_carea' id='block_1_1' title="bbox 514 1074 1241 1140">
    <p class='ocr_par' dir='ltr' id='par_1_1' title="bbox 514 1074 1241 1140">
     <span class='ocr_line' id='line_1_1' title="bbox 514 1074 1241 1140; baseline -0.001 -1"><span class='ocrx_word' id='word_1_1' title='bbox 514 1076 622 1139; x_wconf 80' lang='lat' dir='ltr'><strong>VITA</strong></span> <span class='ocrx_word' id='word_1_2' title='bbox 644 1077 698 1139; x_wconf 80' lang='grc' dir='ltr'><strong>ΕΤ</strong></span> <span class='ocrx_word' id='word_1_3' title='bbox 720 1074 929 1140; x_wconf 84' lang='lat' dir='ltr'><strong>SCRIPTIS.</strong></span> <span class='ocrx_word' id='word_1_4' title='bbox 1198 1076 1241 1140; x_wconf 87' lang='lat' dir='ltr'><strong>lxi</strong></span> 
     </span>
    </p>
   </div>
   <div class='ocr_carea' id='block_1_2' title="bbox 171 1250 1248 4465">
    <p class='ocr_par' dir='ltr' id='par_1_2' title="bbox 200 1250 1238 1426">
     <span class='ocr_line' id='line_1_2' title="bbox 200 1250 1238 1326; baseline 0.001 -18"><span class='ocrx_word' id='word_1_5' title='bbox 200 1270 281 1309; x_wconf 86' lang='lat' dir='ltr'><strong>nasse</strong></span> <span class='ocrx_word' id='word_1_6' title='bbox 294 1250 383 1309; x_wconf 92' lang='lat' dir='ltr'><strong>tradit</strong></span> <span class='ocrx_word' id='word_1_7' title='bbox 394 1250 571 1316; x_wconf 83' lang='lat' dir='ltr'><strong>Philastrins,</strong></span> <span class='ocrx_word' id='word_1_8' title='bbox 583 1251 645 1309; x_wconf 92' lang='lat' dir='ltr'><strong>Lib.</strong></span> <span class='ocrx_word' id='word_1_9' title='bbox 658 1251 694 1309; x_wconf 88' lang='lat' dir='ltr'><strong>da</strong></span> <span class='ocrx_word' id='word_1_10' title='bbox 705 1250 888 1323; x_wconf 88' lang='lat' dir='ltr'><strong>Haereaibus,</strong></span> <span class='ocrx_word' id='word_1_11' title='bbox 904 1251 919 1326; x_wconf 60' lang='grc' dir='ltr'><em>ᾗ</em></span> <span class='ocrx_word' id='word_1_12' title='bbox 935 1264 979 1324; x_wconf 81' lang='lat'><strong>17,</strong></span> <span class='ocrx_word' id='word_1_13' title='bbox 994 1250 1151 1310; x_wconf 77' lang='lat' dir='ltr'><strong>Biblllett.</strong></span> <span class='ocrx_word' id='word_1_14' title='bbox 1164 1252 1238 1311; x_wconf 92' lang='lat' dir='ltr'><strong>Patt.</strong></span> 
     </span>
     <span class='ocr_line' id='line_1_3' title="bbox 202 1349 645 1426; baseline -0.002 -18"><span class='ocrx_word' id='word_1_15' title='bbox 202 1349 393 1421; x_wconf 85' lang='lat' dir='ltr'><strong>Colon.1618,</strong></span> <span class='ocrx_word' id='word_1_16' title='bbox 408 1356 477 1408; x_wconf 92' lang='lat' dir='ltr'><strong>tom.</strong></span> <span class='ocrx_word' id='word_1_17' title='bbox 490 1350 519 1407; x_wconf 85' lang='lat' dir='ltr'><strong>ir</strong></span> <span class='ocrx_word' id='word_1_18' title='bbox 532 1369 561 1426; x_wconf 95' lang='lat' dir='ltr'><strong>p.</strong></span> <span class='ocrx_word' id='word_1_19' title='bbox 577 1352 645 1407; x_wconf 88' lang='lat'>601.</span> 
     </span>
    </p>

    <p class='ocr_par' dir='ltr' id='par_1_3' title="bbox 171 1446 1244 2211">
     <span class='ocr_line' id='line_1_4' title="bbox 243 1446 1242 1529; baseline -0.002 -23"><span class='ocrx_word' id='word_1_20' title='bbox 243 1446 260 1492; x_wconf 74' lang='lat' dir='ltr'>k</span> <span class='ocrx_word' id='word_1_21' title='bbox 280 1448 396 1506; x_wconf 67' lang='lat' dir='ltr'><strong>reduxit</strong></span> <span class='ocrx_word' id='word_1_22' title='bbox 415 1449 458 1506; x_wconf 79' lang='lat' dir='ltr'><strong>ad</strong></span> <span class='ocrx_word' id='word_1_23' title='bbox 466 1446 580 1529; x_wconf 69' lang='lat' dir='ltr'><strong>fidam]</strong></span> <span class='ocrx_word' id='word_1_24' title='bbox 602 1448 744 1513; x_wconf 79' lang='lat' dir='ltr'><strong>Irenaeus,</strong></span> <span class='ocrx_word' id='word_1_25' title='bbox 759 1457 795 1503; x_wconf 90' lang='lat'><strong>111</strong></span> <span class='ocrx_word' id='word_1_26' title='bbox 809 1447 841 1504; x_wconf 85' lang='lat' dir='ltr'><strong>ili</strong></span> <span class='ocrx_word' id='word_1_27' title='bbox 856 1468 883 1519; x_wconf 87' lang='lat'><strong>4,</strong></span> <span class='ocrx_word' id='word_1_28' title='bbox 901 1453 1080 1521; x_wconf 85' lang='grc' dir='ltr'>Μαρτνροῦσιν</span> <span class='ocrx_word' id='word_1_29' title='bbox 1099 1448 1196 1506; x_wconf 77' lang='grc' dir='ltr'>τούτοις</span> <span class='ocrx_word' id='word_1_30' title='bbox 1216 1452 1242 1504; x_wconf 86' lang='lat' dir='ltr'><strong>al</strong></span> 
     </span>
     <span class='ocr_line' id='line_1_5' title="bbox 201 1547 1242 1619; baseline 0 -16"><span class='ocrx_word' id='word_1_31' title='bbox 201 1549 264 1603; x_wconf 73' lang='grc' dir='ltr'>κατὰ</span> <span class='ocrx_word' id='word_1_32' title='bbox 282 1549 328 1618; x_wconf 78' lang='grc' dir='ltr'><strong>τὴν</strong></span> <span class='ocrx_word' id='word_1_33' title='bbox 347 1547 438 1604; x_wconf 82' lang='grc' dir='ltr'>Ἀσίαν</span> <span class='ocrx_word' id='word_1_34' title='bbox 457 1549 587 1618; x_wconf 87' lang='grc' dir='ltr'>ε’κκλησίαι</span> <span class='ocrx_word' id='word_1_35' title='bbox 605 1551 696 1611; x_wconf 79' lang='grc' dir='ltr'>πᾶσαι,</span> <span class='ocrx_word' id='word_1_36' title='bbox 719 1549 759 1602; x_wconf 83' lang='grc' dir='ltr'><strong>καὶ</strong></span> <span class='ocrx_word' id='word_1_37' title='bbox 782 1549 806 1601; x_wconf 92' lang='lat' dir='ltr'><strong>ol</strong></span> <span class='ocrx_word' id='word_1_38' title='bbox 829 1547 905 1619; x_wconf 85' lang='grc' dir='ltr'>ρίχρι</span> <span class='ocrx_word' id='word_1_39' title='bbox 929 1552 972 1602; x_wconf 80' lang='grc' dir='ltr'><strong>νῦν</strong></span> <span class='ocrx_word' id='word_1_40' title='bbox 993 1548 1176 1619; x_wconf 73' lang='grc' dir='ltr'>διαδεδεγρίνω</span> <span class='ocrx_word' id='word_1_41' title='bbox 1197 1551 1242 1603; x_wconf 83' lang='grc' dir='ltr'><strong>τόν</strong></span> 
     </span>
     <span class='ocr_line' id='line_1_6' title="bbox 202 1644 1242 1720; baseline 0.001 -20"><span class='ocrx_word' id='word_1_42' title='bbox 202 1644 378 1718; x_wconf 83' lang='grc' dir='ltr'>Πολύκορπον,</span> <span class='ocrx_word' id='word_1_43' title='bbox 399 1648 490 1720; x_wconf 78' lang='grc' dir='ltr'>πόλλῳ</span> <span class='ocrx_word' id='word_1_44' title='bbox 511 1645 720 1717; x_wconf 77' lang='grc' dir='ltr'>ἀξιοπιστότερον</span> <span class='ocrx_word' id='word_1_45' title='bbox 741 1645 781 1700; x_wconf 75' lang='grc' dir='ltr'><strong>καί</strong></span> <span class='ocrx_word' id='word_1_46' title='bbox 801 1648 967 1711; x_wconf 82' lang='grc' dir='ltr'>βεβαιότερον</span> <span class='ocrx_word' id='word_1_47' title='bbox 988 1645 1106 1714; x_wconf 75' lang='grc' dir='ltr'>ἀληθείας</span> <span class='ocrx_word' id='word_1_48' title='bbox 1126 1647 1242 1718; x_wconf 79' lang='grc' dir='ltr'>μόρινρα</span> 
     </span>
     <span class='ocr_line' id='line_1_7' title="bbox 202 1739 1242 1816; baseline 0.001 -18"><span class='ocrx_word' id='word_1_49' title='bbox 202 1746 262 1798; x_wconf 82' lang='grc' dir='ltr'>ὄντα</span> <span class='ocrx_word' id='word_1_50' title='bbox 282 1745 448 1799; x_wconf 75' lang='grc' dir='ltr'>Οὐαλεντίνου</span> <span class='ocrx_word' id='word_1_51' title='bbox 471 1745 512 1798; x_wconf 80' lang='grc' dir='ltr'><strong>καί</strong></span> <span class='ocrx_word' id='word_1_52' title='bbox 533 1745 678 1815; x_wconf 76' lang='grc' dir='ltr'>Μαρκίωνος</span> <span class='ocrx_word' id='word_1_53' title='bbox 701 1745 741 1797; x_wconf 79' lang='grc' dir='ltr'><strong>καί</strong></span> <span class='ocrx_word' id='word_1_54' title='bbox 764 1749 815 1797; x_wconf 82' lang='grc' dir='ltr'><strong>τῶν</strong></span> <span class='ocrx_word' id='word_1_55' title='bbox 837 1746 934 1799; x_wconf 80' lang='grc' dir='ltr'>λοιπῶν</span> <span class='ocrx_word' id='word_1_56' title='bbox 956 1746 1155 1816; x_wconf 77' lang='grc' dir='ltr'>κακογνορόνων.</span> <span class='ocrx_word' id='word_1_57' title='bbox 1192 1739 1242 1799; x_wconf 77' lang='lat' dir='ltr'><strong>‘Os</strong></span> 
     </span>
     <span class='ocr_line' id='line_1_8' title="bbox 171 1841 1244 1914; baseline -0.001 -17"><span class='ocrx_word' id='word_1_58' title='bbox 171 1883 173 1889; x_wconf 83' lang='lat'><em>-</em></span> <span class='ocrx_word' id='word_1_59' title='bbox 201 1844 244 1897; x_wconf 80' lang='grc' dir='ltr'><strong>καὶ</strong></span> <span class='ocrx_word' id='word_1_60' title='bbox 263 1843 304 1898; x_wconf 81' lang='grc' dir='ltr'>ε’πί</span> <span class='ocrx_word' id='word_1_61' title='bbox 318 1842 449 1912; x_wconf 77' lang='grc' dir='ltr'>’Δνιιόητον</span> <span class='ocrx_word' id='word_1_62' title='bbox 467 1841 621 1911; x_wconf 73' lang='grc' dir='ltr'>ἐπιδημήσας</span> <span class='ocrx_word' id='word_1_63' title='bbox 639 1842 771 1911; x_wconf 74' lang='grc' dir='ltr'>τῄῬώμη,</span> <span class='ocrx_word' id='word_1_64' title='bbox 785 1842 900 1898; x_wconf 75' lang='grc' dir='ltr'>πολλούς</span> <span class='ocrx_word' id='word_1_65' title='bbox 918 1842 969 1896; x_wconf 81' lang='grc' dir='ltr'><strong>ἀπό</strong></span> <span class='ocrx_word' id='word_1_66' title='bbox 988 1847 1039 1896; x_wconf 78' lang='grc' dir='ltr'><strong>τῶν</strong></span> <span class='ocrx_word' id='word_1_67' title='bbox 1058 1842 1244 1914; x_wconf 74' lang='grc' dir='ltr'>προειρημένων</span> 
     </span>
     <span class='ocr_line' id='line_1_9' title="bbox 202 1939 1242 2015; baseline 0 -20"><span class='ocrx_word' id='word_1_68' title='bbox 202 1944 331 2015; x_wconf 80' lang='grc' dir='ltr'>αίρετικῶν</span> <span class='ocrx_word' id='word_1_69' title='bbox 344 1941 505 2013; x_wconf 75' lang='grc' dir='ltr'>ἀπίστρεψεν</span> <span class='ocrx_word' id='word_1_70' title='bbox 522 1942 557 1997; x_wconf 80' lang='grc' dir='ltr'><strong>εἶτ</strong></span> <span class='ocrx_word' id='word_1_71' title='bbox 576 1940 622 2009; x_wconf 73' lang='grc' dir='ltr'><strong>την</strong></span> <span class='ocrx_word' id='word_1_72' title='bbox 639 1941 775 2008; x_wconf 80' lang='grc' dir='ltr'>ε’κκλησίαν</span> <span class='ocrx_word' id='word_1_73' title='bbox 786 1944 831 1994; x_wconf 87' lang='grc' dir='ltr'>τοῦ</span> <span class='ocrx_word' id='word_1_74' title='bbox 845 1943 920 2010; x_wconf 84' lang='grc' dir='ltr'>θεοῦ,</span> <span class='ocrx_word' id='word_1_75' title='bbox 934 1944 993 2008; x_wconf 81' lang='grc' dir='ltr'>ρίαν</span> <span class='ocrx_word' id='word_1_76' title='bbox 1005 1939 1046 1996; x_wconf 83' lang='grc' dir='ltr'><strong>καί</strong></span> <span class='ocrx_word' id='word_1_77' title='bbox 1062 1943 1139 2011; x_wconf 84' lang='grc' dir='ltr'>ρόνην</span> <span class='ocrx_word' id='word_1_78' title='bbox 1151 1939 1242 2009; x_wconf 84' lang='grc' dir='ltr'>ταύτην</span> 
     </span>
     <span class='ocr_line' id='line_1_10' title="bbox 202 2037 1240 2111; baseline -0.001 -18"><span class='ocrx_word' id='word_1_79' title='bbox 202 2039 321 2109; x_wconf 69' lang='grc' dir='ltr'>ἀληθειαν</span> <span class='ocrx_word' id='word_1_80' title='bbox 333 2038 441 2111; x_wconf 78' lang='grc' dir='ltr'>κηρύξας</span> <span class='ocrx_word' id='word_1_81' title='bbox 459 2040 507 2094; x_wconf 83' lang='grc' dir='ltr'><strong>ύπό</strong></span> <span class='ocrx_word' id='word_1_82' title='bbox 520 2044 571 2093; x_wconf 79' lang='grc' dir='ltr'><strong>τῶν</strong></span> <span class='ocrx_word' id='word_1_83' title='bbox 582 2037 748 2093; x_wconf 81' lang='grc' dir='ltr'>Ἀποστόλων</span> <span class='ocrx_word' id='word_1_84' title='bbox 759 2038 950 2108; x_wconf 77' lang='grc' dir='ltr'>παρειληφέναι,</span> <span class='ocrx_word' id='word_1_85' title='bbox 963 2038 1010 2107; x_wconf 77' lang='grc' dir='ltr'><strong>τὴν</strong></span> <span class='ocrx_word' id='word_1_86' title='bbox 1022 2038 1073 2094; x_wconf 74' lang='grc' dir='ltr'><strong>ὑπὸ</strong></span> <span class='ocrx_word' id='word_1_87' title='bbox 1091 2040 1136 2108; x_wconf 72' lang='grc' dir='ltr'>τῆς</span> <span class='ocrx_word' id='word_1_88' title='bbox 1153 2039 1240 2107; x_wconf 84' lang='grc' dir='ltr'>ε’κκλη-</span> 
     </span>
     <span class='ocr_line' id='line_1_11' title="bbox 202 2137 482 2211; baseline -0.004 -19"><span class='ocrx_word' id='word_1_89' title='bbox 202 2140 262 2194; x_wconf 77' lang='grc' dir='ltr'>σίοε</span> <span class='ocrx_word' id='word_1_90' title='bbox 274 2137 482 2211; x_wconf 73' lang='grc' dir='ltr'>παραδεδομένην.</span> 
     </span>
    </p>

    <p class='ocr_par' dir='ltr' id='par_1_4' title="bbox 201 2228 1243 2504">
     <span class='ocr_line' id='line_1_12' title="bbox 242 2228 1243 2312; baseline -0.002 -20"><span class='ocrx_word' id='word_1_91' title='bbox 242 2231 251 2276; x_wconf 84' lang='lat'>¹</span> <span class='ocrx_word' id='word_1_92' title='bbox 270 2234 384 2292; x_wconf 74' lang='lat' dir='ltr'><strong>obviam</strong></span> <span class='ocrx_word' id='word_1_93' title='bbox 395 2233 504 2308; x_wconf 56' lang='lat' dir='ltr'><strong>fureret</strong></span> <span class='ocrx_word' id='word_1_94' title='bbox 524 2228 672 2312; x_wconf 74' lang='lat' dir='ltr'><strong>Marcion]</strong></span> <span class='ocrx_word' id='word_1_95' title='bbox 695 2232 840 2300; x_wconf 85' lang='lat' dir='ltr'><strong>Irenaeus,</strong></span> <span class='ocrx_word' id='word_1_96' title='bbox 854 2241 891 2288; x_wconf 86' lang='lat'><strong>111</strong></span> <span class='ocrx_word' id='word_1_97' title='bbox 909 2231 939 2287; x_wconf 92' lang='lat' dir='ltr'><strong>iii</strong></span> <span class='ocrx_word' id='word_1_98' title='bbox 955 2251 981 2302; x_wconf 83' lang='lat'><strong>4,</strong></span> <span class='ocrx_word' id='word_1_99' title='bbox 1008 2235 1055 2288; x_wconf 78' lang='lat' dir='ltr'><strong>Kal</strong></span> <span class='ocrx_word' id='word_1_100' title='bbox 1079 2235 1153 2292; x_wconf 78' lang='grc' dir='ltr'>αὐτὸς</span> <span class='ocrx_word' id='word_1_101' title='bbox 1175 2235 1202 2289; x_wconf 73' lang='grc' dir='ltr'><strong>δι’</strong></span> <span class='ocrx_word' id='word_1_102' title='bbox 1227 2238 1243 2290; x_wconf 83' lang='grc' dir='ltr'>ό</span> 
     </span>
     <span class='ocr_line' id='line_1_13' title="bbox 203 2330 1241 2407; baseline 0 -19"><span class='ocrx_word' id='word_1_103' title='bbox 203 2333 380 2407; x_wconf 78' lang='grc' dir='ltr'>Πολύκαρπος,</span> <span class='ocrx_word' id='word_1_104' title='bbox 395 2334 525 2405; x_wconf 81' lang='grc' dir='ltr'>Μαρκίωνί</span> <span class='ocrx_word' id='word_1_105' title='bbox 543 2354 606 2387; x_wconf 88' lang='grc' dir='ltr'>ποτε</span> <span class='ocrx_word' id='word_1_106' title='bbox 628 2331 663 2390; x_wconf 75' lang='grc' dir='ltr'><strong>είς</strong></span> <span class='ocrx_word' id='word_1_107' title='bbox 684 2332 747 2404; x_wconf 74' lang='grc' dir='ltr'>όψιν</span> <span class='ocrx_word' id='word_1_108' title='bbox 764 2333 833 2405; x_wconf 78' lang='grc' dir='ltr'>αύτῷ</span> <span class='ocrx_word' id='word_1_109' title='bbox 853 2331 963 2396; x_wconf 69' lang='grc' dir='ltr'>ἐλθόντι,</span> <span class='ocrx_word' id='word_1_110' title='bbox 978 2333 1018 2384; x_wconf 83' lang='grc' dir='ltr'><strong>καί</strong></span> <span class='ocrx_word' id='word_1_111' title='bbox 1036 2330 1156 2403; x_wconf 74' lang='grc' dir='ltr'>φήσαντι,</span> <span class='ocrx_word' id='word_1_112' title='bbox 1170 2330 1241 2388; x_wconf 85' lang='grc' dir='ltr'>Ἐπι-</span> 
     </span>
     <span class='ocr_line' id='line_1_14' title="bbox 201 2431 1168 2504; baseline -0.002 -17"><span class='ocrx_word' id='word_1_113' title='bbox 201 2436 332 2504; x_wconf 78' lang='grc' dir='ltr'>γινώσκεις</span> <span class='ocrx_word' id='word_1_114' title='bbox 345 2432 427 2502; x_wconf 73' lang='lat' dir='ltr'><strong>ripeis3</strong></span> <span class='ocrx_word' id='word_1_115' title='bbox 448 2432 577 2503; x_wconf 83' lang='grc' dir='ltr'>ἀπεκρίθη,</span> <span class='ocrx_word' id='word_1_116' title='bbox 590 2431 765 2502; x_wconf 83' lang='grc' dir='ltr'>Ἐπιγινώσκω</span> <span class='ocrx_word' id='word_1_117' title='bbox 778 2432 824 2485; x_wconf 80' lang='grc' dir='ltr'><strong>τόν</strong></span> <span class='ocrx_word' id='word_1_118' title='bbox 836 2432 995 2495; x_wconf 76' lang='grc' dir='ltr'>πρωτότοκον</span> <span class='ocrx_word' id='word_1_119' title='bbox 1007 2434 1052 2484; x_wconf 86' lang='grc' dir='ltr'>τοῦ</span> <span class='ocrx_word' id='word_1_120' title='bbox 1067 2434 1168 2485; x_wconf 72' lang='grc' dir='ltr'>Σατανᾶ.</span> 
     </span>
    </p>

    <p class='ocr_par' dir='ltr' id='par_1_5' title="bbox 202 2524 1247 3679">
     <span class='ocr_line' id='line_1_15' title="bbox 246 2524 1243 2607; baseline -0.001 -20"><span class='ocrx_word' id='word_1_121' title='bbox 246 2542 270 2572; x_wconf 81' lang='lat'><strong>¹¹¹</strong></span> <span class='ocrx_word' id='word_1_122' title='bbox 287 2528 514 2604; x_wconf 74' lang='lat' dir='ltr'><strong>primopenitumr</strong></span> <span class='ocrx_word' id='word_1_123' title='bbox 533 2524 663 2607; x_wconf 71' lang='lat' dir='ltr'><strong>datore]</strong></span> <span class='ocrx_word' id='word_1_124' title='bbox 690 2527 758 2585; x_wconf 86' lang='lat' dir='ltr'><strong>Non</strong></span> <span class='ocrx_word' id='word_1_125' title='bbox 779 2527 856 2603; x_wconf 89' lang='lat' dir='ltr'><strong>quod</strong></span> <span class='ocrx_word' id='word_1_126' title='bbox 877 2532 970 2585; x_wconf 87' lang='lat' dir='ltr'><strong>aetate</strong></span> <span class='ocrx_word' id='word_1_127' title='bbox 990 2526 1060 2584; x_wconf 90' lang='lat' dir='ltr'><strong>alios</strong></span> <span class='ocrx_word' id='word_1_128' title='bbox 1075 2527 1243 2586; x_wconf 87' lang='lat' dir='ltr'><strong>Haereticoa</strong></span> 
     </span>
     <span class='ocr_line' id='line_1_16' title="bbox 202 2624 1243 2701; baseline -0.001 -17"><span class='ocrx_word' id='word_1_129' title='bbox 202 2627 390 2699; x_wconf 72' lang='lat' dir='ltr'>antecederet,</span> <span class='ocrx_word' id='word_1_130' title='bbox 405 2627 455 2685; x_wconf 91' lang='lat' dir='ltr'><strong>sed</strong></span> <span class='ocrx_word' id='word_1_131' title='bbox 468 2626 585 2697; x_wconf 85' lang='lat' dir='ltr'><strong>malitia,</strong></span> <span class='ocrx_word' id='word_1_132' title='bbox 600 2625 751 2696; x_wconf 89' lang='lat' dir='ltr'><strong>erroribus,</strong></span> <span class='ocrx_word' id='word_1_133' title='bbox 766 2633 795 2684; x_wconf 89' lang='lat' dir='ltr'><strong>et</strong></span> <span class='ocrx_word' id='word_1_134' title='bbox 809 2624 984 2701; x_wconf 83' lang='lat' dir='ltr'><strong>pravissimis</strong></span> <span class='ocrx_word' id='word_1_135' title='bbox 997 2624 1128 2684; x_wconf 86' lang='lat' dir='ltr'><strong>consiliis.</strong></span> <span class='ocrx_word' id='word_1_136' title='bbox 1164 2625 1194 2683; x_wconf 89' lang='lat' dir='ltr'>N</span> <span class='ocrx_word' id='word_1_137' title='bbox 1195 2645 1243 2683; x_wconf 86' lang='lat' dir='ltr'><strong>am</strong></span> 
     </span>
     <span class='ocr_line' id='line_1_17' title="bbox 204 2721 1243 2783; baseline -0.002 -2"><span class='ocrx_word' id='word_1_138' title='bbox 204 2723 350 2782; x_wconf 88' lang='lat' dir='ltr'><strong>diabolum</strong></span> <span class='ocrx_word' id='word_1_139' title='bbox 373 2724 449 2783; x_wconf 89' lang='lat' dir='ltr'><strong>inter</strong></span> <span class='ocrx_word' id='word_1_140' title='bbox 470 2724 564 2781; x_wconf 92' lang='lat' dir='ltr'><strong>Deum</strong></span> <span class='ocrx_word' id='word_1_141' title='bbox 588 2729 617 2781; x_wconf 91' lang='lat' dir='ltr'><strong>et</strong></span> <span class='ocrx_word' id='word_1_142' title='bbox 640 2721 787 2780; x_wconf 84' lang='lat' dir='ltr'><strong>Christum</strong></span> <span class='ocrx_word' id='word_1_143' title='bbox 812 2721 975 2779; x_wconf 79' lang='lat' dir='ltr'><strong>collocabat.</strong></span> <span class='ocrx_word' id='word_1_144' title='bbox 1029 2721 1123 2779; x_wconf 89' lang='lat' dir='ltr'><strong>Deum</strong></span> <span class='ocrx_word' id='word_1_145' title='bbox 1146 2721 1243 2780; x_wconf 88' lang='lat' dir='ltr'><strong>invisi-</strong></span> 
     </span>
     <span class='ocr_line' id='line_1_18' title="bbox 205 2819 1243 2894; baseline -0.001 -17"><span class='ocrx_word' id='word_1_146' title='bbox 205 2819 300 2894; x_wconf 84' lang='lat' dir='ltr'><strong>bilem,</strong></span> <span class='ocrx_word' id='word_1_147' title='bbox 328 2821 474 2880; x_wconf 80' lang='lat' dir='ltr'><strong>Christum</strong></span> <span class='ocrx_word' id='word_1_148' title='bbox 498 2820 640 2879; x_wconf 83' lang='lat' dir='ltr'><strong>visibilem</strong></span> <span class='ocrx_word' id='word_1_149' title='bbox 667 2828 696 2878; x_wconf 91' lang='lat' dir='ltr'><strong>et</strong></span> <span class='ocrx_word' id='word_1_150' title='bbox 720 2819 897 2878; x_wconf 89' lang='lat' dir='ltr'><strong>conditorem</strong></span> <span class='ocrx_word' id='word_1_151' title='bbox 924 2820 1074 2891; x_wconf 85' lang='lat' dir='ltr'><strong>asserebat,</strong></span> <span class='ocrx_word' id='word_1_152' title='bbox 1099 2819 1243 2877; x_wconf 90' lang='lat' dir='ltr'><strong>diabolum</strong></span> 
     </span>
     <span class='ocr_line' id='line_1_19' title="bbox 203 2916 1243 2996; baseline -0.001 -19"><span class='ocrx_word' id='word_1_153' title='bbox 203 2938 272 2978; x_wconf 82' lang='lat' dir='ltr'><strong>vero</strong></span> <span class='ocrx_word' id='word_1_154' title='bbox 290 2920 437 2996; x_wconf 92' lang='lat' dir='ltr'><strong>utriusque</strong></span> <span class='ocrx_word' id='word_1_155' title='bbox 455 2926 572 2978; x_wconf 89' lang='lat' dir='ltr'><strong>naturae</strong></span> <span class='ocrx_word' id='word_1_156' title='bbox 587 2927 616 2978; x_wconf 92' lang='lat' dir='ltr'><strong>et</strong></span> <span class='ocrx_word' id='word_1_157' title='bbox 629 2919 770 2978; x_wconf 86' lang='lat' dir='ltr'><strong>virtutum</strong></span> <span class='ocrx_word' id='word_1_158' title='bbox 785 2938 845 2977; x_wconf 89' lang='lat' dir='ltr'><strong>esse</strong></span> <span class='ocrx_word' id='word_1_159' title='bbox 861 2916 1037 2994; x_wconf 81' lang='lat' dir='ltr'><strong>participem.</strong></span> <span class='ocrx_word' id='word_1_160' title='bbox 1081 2917 1243 2995; x_wconf 81' lang='lat' dir='ltr'><strong>Scripturas</strong></span> 
     </span>
     <span class='ocr_line' id='line_1_20' title="bbox 203 3015 1244 3097; baseline -0.002 -19"><span class='ocrx_word' id='word_1_161' title='bbox 203 3019 403 3097; x_wconf 84' lang='lat' dir='ltr'><strong>interpolabat,</strong></span> <span class='ocrx_word' id='word_1_162' title='bbox 417 3018 604 3090; x_wconf 85' lang='lat' dir='ltr'><strong>adulterabat,</strong></span> <span class='ocrx_word' id='word_1_163' title='bbox 619 3025 648 3076; x_wconf 91' lang='lat' dir='ltr'><strong>et</strong></span> <span class='ocrx_word' id='word_1_164' title='bbox 667 3038 776 3076; x_wconf 89' lang='lat' dir='ltr'><strong>errores</strong></span> <span class='ocrx_word' id='word_1_165' title='bbox 791 3017 934 3075; x_wconf 88' lang='lat' dir='ltr'><strong>erroribus</strong></span> <span class='ocrx_word' id='word_1_166' title='bbox 948 3017 1118 3074; x_wconf 87' lang='lat' dir='ltr'><strong>cumulabat.</strong></span> <span class='ocrx_word' id='word_1_167' title='bbox 1160 3015 1244 3076; x_wconf 85' lang='lat' dir='ltr'><strong>Adeo</strong></span> 
     </span>
     <span class='ocr_line' id='line_1_21' title="bbox 203 3113 1243 3195; baseline -0.003 -18"><span class='ocrx_word' id='word_1_168' title='bbox 203 3126 237 3177; x_wconf 91' lang='lat' dir='ltr'><strong>ut</strong></span> <span class='ocrx_word' id='word_1_169' title='bbox 260 3117 290 3176; x_wconf 90' lang='lat' dir='ltr'><strong>in</strong></span> <span class='ocrx_word' id='word_1_170' title='bbox 314 3118 399 3195; x_wconf 86' lang='lat' dir='ltr'><strong>Lege,</strong></span> <span class='ocrx_word' id='word_1_171' title='bbox 423 3115 583 3192; x_wconf 85' lang='lat' dir='ltr'><strong>Prophetis,</strong></span> <span class='ocrx_word' id='word_1_172' title='bbox 609 3115 774 3193; x_wconf 86' lang='lat' dir='ltr'><strong>Evangelio,</strong></span> <span class='ocrx_word' id='word_1_173' title='bbox 798 3113 871 3172; x_wconf 89' lang='lat' dir='ltr'><strong>nihil</strong></span> <span class='ocrx_word' id='word_1_174' title='bbox 895 3113 1034 3172; x_wconf 87' lang='lat' dir='ltr'><strong>intactum</strong></span> <span class='ocrx_word' id='word_1_175' title='bbox 1062 3114 1243 3191; x_wconf 90' lang='lat' dir='ltr'><strong>relinqueret,</strong></span> 
     </span>
     <span class='ocr_line' id='line_1_22' title="bbox 202 3194 1244 3292; baseline -0.004 -18"><span class='ocrx_word' id='word_1_176' title='bbox 202 3215 355 3292; x_wconf 88' lang='lat' dir='ltr'><strong>omniaque</strong></span> <span class='ocrx_word' id='word_1_177' title='bbox 373 3213 449 3272; x_wconf 91' lang='lat' dir='ltr'><strong>illius</strong></span> <span class='ocrx_word' id='word_1_178' title='bbox 467 3214 645 3290; x_wconf 87' lang='lat' dir='ltr'><strong>blasphemas</strong></span> <span class='ocrx_word' id='word_1_179' title='bbox 667 3222 696 3271; x_wconf 90' lang='lat' dir='ltr'><strong>et</strong></span> <span class='ocrx_word' id='word_1_180' title='bbox 714 3194 879 3272; x_wconf 83' lang='lat' dir='ltr'><strong>temerarias</strong></span> <span class='ocrx_word' id='word_1_181' title='bbox 898 3231 999 3269; x_wconf 90' lang='lat' dir='ltr'><strong>manus</strong></span> <span class='ocrx_word' id='word_1_182' title='bbox 1016 3212 1244 3288; x_wconf 82' lang='lat' dir='ltr'><strong>experiebantur,</strong></span> 
     </span>
     <span class='ocr_line' id='line_1_23' title="bbox 204 3310 1247 3389; baseline -0.003 -17"><span class='ocrx_word' id='word_1_183' title='bbox 204 3320 238 3373; x_wconf 90' lang='lat' dir='ltr'><strong>ut</strong></span> <span class='ocrx_word' id='word_1_184' title='bbox 250 3313 347 3372; x_wconf 87' lang='lat' dir='ltr'><strong>ridere</strong></span> <span class='ocrx_word' id='word_1_185' title='bbox 366 3320 409 3371; x_wconf 83' lang='lat' dir='ltr'><strong>eat</strong></span> <span class='ocrx_word' id='word_1_186' title='bbox 427 3313 503 3389; x_wconf 91' lang='lat' dir='ltr'><strong>apud</strong></span> <span class='ocrx_word' id='word_1_187' title='bbox 518 3310 720 3388; x_wconf 87' lang='lat' dir='ltr'><strong>Epiphaniam,</strong></span> <span class='ocrx_word' id='word_1_188' title='bbox 735 3311 855 3369; x_wconf 89' lang='lat' dir='ltr'><strong>Haeresi</strong></span> <span class='ocrx_word' id='word_1_189' title='bbox 869 3310 928 3367; x_wconf 83' lang='lat' dir='ltr'><strong>xlii.</strong></span> <span class='ocrx_word' id='word_1_190' title='bbox 972 3310 1028 3368; x_wconf 87' lang='lat' dir='ltr'><strong>Sed</strong></span> <span class='ocrx_word' id='word_1_191' title='bbox 1045 3331 1079 3368; x_wconf 87' lang='lat' dir='ltr'><strong>ea</strong></span> <span class='ocrx_word' id='word_1_192' title='bbox 1094 3312 1247 3388; x_wconf 87' lang='lat' dir='ltr'><strong>praecipua</strong></span> 
     </span>
     <span class='ocr_line' id='line_1_24' title="bbox 202 3407 1244 3485; baseline -0.005 -14"><span class='ocrx_word' id='word_1_193' title='bbox 202 3413 241 3471; x_wconf 91' lang='lat' dir='ltr'><strong>de</strong></span> <span class='ocrx_word' id='word_1_194' title='bbox 254 3431 339 3470; x_wconf 86' lang='lat' dir='ltr'><strong>causa</strong></span> <span class='ocrx_word' id='word_1_195' title='bbox 354 3409 424 3468; x_wconf 92' lang='lat' dir='ltr'><strong>mihi</strong></span> <span class='ocrx_word' id='word_1_196' title='bbox 438 3410 553 3468; x_wconf 88' lang='lat' dir='ltr'><strong>videtur</strong></span> <span class='ocrx_word' id='word_1_197' title='bbox 566 3417 683 3467; x_wconf 88' lang='lat' dir='ltr'><strong>vocatus</strong></span> <span class='ocrx_word' id='word_1_198' title='bbox 696 3429 714 3467; x_wconf 92' lang='lat' dir='ltr'><strong>a</strong></span> <span class='ocrx_word' id='word_1_199' title='bbox 728 3409 885 3485; x_wconf 89' lang='lat' dir='ltr'><strong>Polycarpo</strong></span> <span class='ocrx_word' id='word_1_200' title='bbox 903 3407 1110 3485; x_wconf 84' lang='lat' dir='ltr'><strong>primogenitus</strong></span> <span class='ocrx_word' id='word_1_201' title='bbox 1131 3409 1244 3480; x_wconf 89' lang='lat' dir='ltr'><strong>diaboli,</strong></span> 
     </span>
     <span class='ocr_line' id='line_1_25' title="bbox 203 3506 1242 3588; baseline -0.006 -19"><span class='ocrx_word' id='word_1_202' title='bbox 203 3511 273 3588; x_wconf 88' lang='lat' dir='ltr'><strong>qaia</strong></span> <span class='ocrx_word' id='word_1_203' title='bbox 293 3510 415 3587; x_wconf 83' lang='lat' dir='ltr'><strong>negabat</strong></span> <span class='ocrx_word' id='word_1_204' title='bbox 436 3508 583 3568; x_wconf 78' lang='lat' dir='ltr'><strong>Christum</strong></span> <span class='ocrx_word' id='word_1_205' title='bbox 605 3508 635 3564; x_wconf 92' lang='lat' dir='ltr'><strong>in</strong></span> <span class='ocrx_word' id='word_1_206' title='bbox 658 3526 741 3565; x_wconf 90' lang='lat' dir='ltr'><strong>carne</strong></span> <span class='ocrx_word' id='word_1_207' title='bbox 761 3506 881 3564; x_wconf 81' lang='lat' dir='ltr'><strong>venisse.</strong></span> <span class='ocrx_word' id='word_1_208' title='bbox 912 3507 1161 3572; x_wconf 87' lang='lat' dir='ltr'><strong>LEMOYNIUS,</strong></span> <span class='ocrx_word' id='word_1_209' title='bbox 1176 3507 1242 3564; x_wconf 91' lang='lat' dir='ltr'><strong>Var.</strong></span> 
     </span>
     <span class='ocr_line' id='line_1_26' title="bbox 205 3606 399 3679; baseline -0.021 -13"><span class='ocrx_word' id='word_1_210' title='bbox 205 3608 282 3666; x_wconf 85' lang='lat' dir='ltr'><strong>Sacr.</strong></span> <span class='ocrx_word' id='word_1_211' title='bbox 298 3606 319 3664; x_wconf 87' lang='lat' dir='ltr'><strong>ii</strong></span> <span class='ocrx_word' id='word_1_212' title='bbox 335 3620 399 3679; x_wconf 86' lang='lat'><strong>454.</strong></span> 
     </span>
    </p>

    <p class='ocr_par' dir='ltr' id='par_1_6' title="bbox 204 3701 1248 4465">
     <span class='ocr_line' id='line_1_27' title="bbox 247 3701 1243 3781; baseline -0.003 -17"><span class='ocrx_word' id='word_1_213' title='bbox 247 3704 400 3764; x_wconf 84' lang='lat' dir='ltr'><strong>Geminum</strong></span> <span class='ocrx_word' id='word_1_214' title='bbox 423 3710 467 3762; x_wconf 89' lang='lat' dir='ltr'><strong>eat</strong></span> <span class='ocrx_word' id='word_1_215' title='bbox 490 3701 566 3779; x_wconf 90' lang='lat' dir='ltr'><strong>quod</strong></span> <span class='ocrx_word' id='word_1_216' title='bbox 591 3702 620 3758; x_wconf 91' lang='lat' dir='ltr'><strong>in</strong></span> <span class='ocrx_word' id='word_1_217' title='bbox 646 3702 737 3779; x_wconf 90' lang='lat' dir='ltr'><strong>Epist.</strong></span> <span class='ocrx_word' id='word_1_218' title='bbox 761 3702 797 3759; x_wconf 85' lang='lat' dir='ltr'><strong>ad</strong></span> <span class='ocrx_word' id='word_1_219' title='bbox 823 3702 1026 3779; x_wconf 88' lang='lat' dir='ltr'><strong>Philippenses,</strong></span> <span class='ocrx_word' id='word_1_220' title='bbox 1048 3703 1062 3779; x_wconf 80' lang='lat'><em>§</em></span> <span class='ocrx_word' id='word_1_221' title='bbox 1083 3717 1108 3777; x_wconf 88' lang='lat'><strong>7.</strong></span> <span class='ocrx_word' id='word_1_222' title='bbox 1130 3703 1243 3781; x_wconf 86' lang='lat' dir='ltr'><strong>legitur.</strong></span> 
     </span>
     <span class='ocr_line' id='line_1_28' title="bbox 206 3800 1245 3878; baseline -0.004 -17"><span class='ocrx_word' id='word_1_223' title='bbox 206 3803 281 3861; x_wconf 88' lang='lat' dir='ltr'><strong>Vide</strong></span> <span class='ocrx_word' id='word_1_224' title='bbox 301 3802 340 3861; x_wconf 88' lang='lat' dir='ltr'><strong>sis</strong></span> <span class='ocrx_word' id='word_1_225' title='bbox 360 3801 441 3867; x_wconf 79' lang='lat' dir='ltr'><strong>infra,</strong></span> <span class='ocrx_word' id='word_1_226' title='bbox 455 3821 482 3877; x_wconf 90' lang='lat' dir='ltr'><strong>p.</strong></span> <span class='ocrx_word' id='word_1_227' title='bbox 496 3804 553 3874; x_wconf 80' lang='lat'><strong>538</strong></span> <span class='ocrx_word' id='word_1_228' title='bbox 575 3800 593 3857; x_wconf 93' lang='lat' dir='ltr'><strong>l.</strong></span> <span class='ocrx_word' id='word_1_229' title='bbox 610 3819 653 3857; x_wconf 91' lang='lat'><strong>10.</strong></span> <span class='ocrx_word' id='word_1_230' title='bbox 696 3800 737 3859; x_wconf 82' lang='lat' dir='ltr'><strong>Cf.</strong></span> <span class='ocrx_word' id='word_1_231' title='bbox 762 3820 835 3877; x_wconf 90' lang='lat' dir='ltr'><strong>quae</strong></span> <span class='ocrx_word' id='word_1_232' title='bbox 856 3801 891 3858; x_wconf 89' lang='lat' dir='ltr'><strong>de</strong></span> <span class='ocrx_word' id='word_1_233' title='bbox 913 3801 1077 3878; x_wconf 84' lang='lat' dir='ltr'><strong>Polycarpo,</strong></span> <span class='ocrx_word' id='word_1_234' title='bbox 1098 3801 1245 3859; x_wconf 87' lang='lat' dir='ltr'><strong>haereseos</strong></span> 
     </span>
     <span class='ocr_line' id='line_1_29' title="bbox 204 3898 1246 3979; baseline -0.004 -19"><span class='ocrx_word' id='word_1_235' title='bbox 204 3908 403 3979; x_wconf 80' lang='lat' dir='ltr'><strong>oppugnatore</strong></span> <span class='ocrx_word' id='word_1_236' title='bbox 420 3899 566 3964; x_wconf 80' lang='lat' dir='ltr'><strong>acerrimo,</strong></span> <span class='ocrx_word' id='word_1_237' title='bbox 583 3898 669 3957; x_wconf 89' lang='lat' dir='ltr'><strong>habet</strong></span> <span class='ocrx_word' id='word_1_238' title='bbox 689 3899 833 3970; x_wconf 89' lang='lat' dir='ltr'><strong>Irenaeus,</strong></span> <span class='ocrx_word' id='word_1_239' title='bbox 847 3899 876 3957; x_wconf 91' lang='lat' dir='ltr'><strong>in</strong></span> <span class='ocrx_word' id='word_1_240' title='bbox 892 3899 1004 3975; x_wconf 84' lang='lat' dir='ltr'><strong>Fragm.</strong></span> <span class='ocrx_word' id='word_1_241' title='bbox 1022 3899 1114 3976; x_wconf 89' lang='lat' dir='ltr'><strong>Epist.</strong></span> <span class='ocrx_word' id='word_1_242' title='bbox 1130 3900 1166 3957; x_wconf 88' lang='lat' dir='ltr'><strong>ad</strong></span> <span class='ocrx_word' id='word_1_243' title='bbox 1181 3899 1246 3957; x_wconf 90' lang='lat' dir='ltr'><strong>Flo-</strong></span> 
     </span>
     <span class='ocr_line' id='line_1_30' title="bbox 205 3996 1247 4076; baseline -0.001 -19"><span class='ocrx_word' id='word_1_244' title='bbox 205 4000 309 4065; x_wconf 89' lang='lat' dir='ltr'><strong>rinum,</strong></span> <span class='ocrx_word' id='word_1_245' title='bbox 331 3998 405 4076; x_wconf 93' lang='lat' dir='ltr'><strong>Opp.</strong></span> <span class='ocrx_word' id='word_1_246' title='bbox 421 4018 448 4075; x_wconf 93' lang='lat' dir='ltr'><strong>p.</strong></span> <span class='ocrx_word' id='word_1_247' title='bbox 465 4016 523 4071; x_wconf 84' lang='lat'><strong>340</strong></span> <span class='ocrx_word' id='word_1_248' title='bbox 546 3997 589 4055; x_wconf 91' lang='lat' dir='ltr'><strong>ed.</strong></span> <span class='ocrx_word' id='word_1_249' title='bbox 612 3996 748 4055; x_wconf 88' lang='lat' dir='ltr'><strong>Massuet.</strong></span> <span class='ocrx_word' id='word_1_250' title='bbox 771 3997 847 4074; x_wconf 90' lang='lat' dir='ltr'><strong>apud</strong></span> <span class='ocrx_word' id='word_1_251' title='bbox 871 3998 973 4055; x_wconf 87' lang='lat' dir='ltr'><strong>Euseb.</strong></span> <span class='ocrx_word' id='word_1_252' title='bbox 997 3997 1037 4054; x_wconf 91' lang='grc' dir='ltr'><strong>Η.</strong></span> <span class='ocrx_word' id='word_1_253' title='bbox 1055 3999 1087 4055; x_wconf 90' lang='lat' dir='ltr'><strong>E.</strong></span> <span class='ocrx_word' id='word_1_254' title='bbox 1104 4019 1130 4055; x_wconf 87' lang='lat' dir='ltr'><strong>v.</strong></span> <span class='ocrx_word' id='word_1_255' title='bbox 1149 4017 1194 4068; x_wconf 86' lang='lat'><strong>20,</strong></span> <span class='ocrx_word' id='word_1_256' title='bbox 1217 4005 1247 4057; x_wconf 92' lang='lat' dir='ltr'><strong>et</strong></span> 
     </span>
     <span class='ocr_line' id='line_1_31' title="bbox 204 4095 1246 4174; baseline -0.004 -18"><span class='ocrx_word' id='word_1_257' title='bbox 204 4097 312 4156; x_wconf 88' lang='lat' dir='ltr'><strong>Routh.</strong></span> <span class='ocrx_word' id='word_1_258' title='bbox 335 4097 437 4174; x_wconf 80' lang='lat' dir='ltr'><strong>Script.</strong></span> <span class='ocrx_word' id='word_1_259' title='bbox 461 4096 566 4154; x_wconf 82' lang='lat' dir='ltr'><strong>Eccles.</strong></span> <span class='ocrx_word' id='word_1_260' title='bbox 586 4095 718 4173; x_wconf 88' lang='lat' dir='ltr'><strong>Opusc.i</strong></span> <span class='ocrx_word' id='word_1_261' title='bbox 738 4116 765 4173; x_wconf 93' lang='lat' dir='ltr'><strong>p.</strong></span> <span class='ocrx_word' id='word_1_262' title='bbox 783 4096 830 4169; x_wconf 82' lang='lat'><strong>36,</strong></span> <span class='ocrx_word' id='word_1_263' title='bbox 847 4100 888 4152; x_wconf 78' lang='grc' dir='ltr'>καὶ</span> <span class='ocrx_word' id='word_1_264' title='bbox 908 4095 1012 4167; x_wconf 76' lang='grc' dir='ltr'>δύναμαι</span> <span class='ocrx_word' id='word_1_265' title='bbox 1030 4096 1246 4170; x_wconf 78' lang='grc' dir='ltr'>διαμαρτύρασθαι</span> 
     </span>
     <span class='ocr_line' id='line_1_32' title="bbox 205 4194 1248 4270; baseline 0 -19"><span class='ocrx_word' id='word_1_266' title='bbox 205 4197 351 4270; x_wconf 68' lang='grc' dir='ltr'>ἔμπροσθεν</span> <span class='ocrx_word' id='word_1_267' title='bbox 370 4201 415 4252; x_wconf 87' lang='grc' dir='ltr'>τοῦ</span> <span class='ocrx_word' id='word_1_268' title='bbox 436 4200 510 4261; x_wconf 84' lang='grc' dir='ltr'>Θεοῦ,</span> <span class='ocrx_word' id='word_1_269' title='bbox 526 4196 565 4251; x_wconf 83' lang='grc' dir='ltr'>ὅτι</span> <span class='ocrx_word' id='word_1_270' title='bbox 584 4194 609 4251; x_wconf 84' lang='grc' dir='ltr'><strong>εί</strong></span> <span class='ocrx_word' id='word_1_271' title='bbox 627 4218 652 4250; x_wconf 92' lang='grc' dir='ltr'>τι</span> <span class='ocrx_word' id='word_1_272' title='bbox 674 4200 790 4250; x_wconf 84' lang='grc' dir='ltr'>τοιοῦτον</span> <span class='ocrx_word' id='word_1_273' title='bbox 806 4195 904 4264; x_wconf 78' lang='grc' dir='ltr'>ἀκηκόει</span> <span class='ocrx_word' id='word_1_274' title='bbox 925 4196 1017 4252; x_wconf 77' lang='grc' dir='ltr'>ἐκεῖνος</span> <span class='ocrx_word' id='word_1_275' title='bbox 1036 4199 1050 4249; x_wconf 90' lang='grc' dir='ltr'>ό</span> <span class='ocrx_word' id='word_1_276' title='bbox 1069 4197 1189 4268; x_wconf 78' lang='grc' dir='ltr'>μακάριος</span> <span class='ocrx_word' id='word_1_277' title='bbox 1207 4198 1248 4251; x_wconf 77' lang='grc' dir='ltr'><strong>καὶ</strong></span> 
     </span>
     <span class='ocr_line' id='line_1_33' title="bbox 205 4293 1245 4367; baseline -0.002 -17"><span class='ocrx_word' id='word_1_278' title='bbox 205 4295 376 4352; x_wconf 81' lang='grc' dir='ltr'>ἀποστολικόι</span> <span class='ocrx_word' id='word_1_279' title='bbox 397 4293 582 4367; x_wconf 78' lang='grc' dir='ltr'>πρεσβύτερος,</span> <span class='ocrx_word' id='word_1_280' title='bbox 605 4294 744 4367; x_wconf 77' lang='grc' dir='ltr'>ἀνακράξας</span> <span class='ocrx_word' id='word_1_281' title='bbox 770 4293 802 4346; x_wconf 82' lang='grc' dir='ltr'>όν</span> <span class='ocrx_word' id='word_1_282' title='bbox 820 4294 860 4347; x_wconf 77' lang='grc' dir='ltr'><strong>καί</strong></span> <span class='ocrx_word' id='word_1_283' title='bbox 881 4294 1013 4365; x_wconf 78' lang='grc' dir='ltr'>ε’ρφρόξαε</span> <span class='ocrx_word' id='word_1_284' title='bbox 1036 4296 1068 4348; x_wconf 80' lang='grc' dir='ltr'>τὰ</span> <span class='ocrx_word' id='word_1_285' title='bbox 1088 4293 1139 4349; x_wconf 69' lang='grc' dir='ltr'><strong>ὦτα</strong></span> <span class='ocrx_word' id='word_1_286' title='bbox 1160 4296 1245 4358; x_wconf 79' lang='grc' dir='ltr'>αὑτοῦ,</span> 
     </span>
     <span class='ocr_line' id='line_1_34' title="bbox 206 4385 1247 4465; baseline 0.002 -19"><span class='ocrx_word' id='word_1_287' title='bbox 206 4393 247 4446; x_wconf 81' lang='grc' dir='ltr'><strong>καί</strong></span> <span class='ocrx_word' id='word_1_288' title='bbox 267 4391 328 4445; x_wconf 83' lang='grc' dir='ltr'><strong>κατά</strong></span> <span class='ocrx_word' id='word_1_289' title='bbox 351 4393 381 4445; x_wconf 83' lang='grc' dir='ltr'>τό</span> <span class='ocrx_word' id='word_1_290' title='bbox 402 4389 509 4458; x_wconf 79' lang='grc' dir='ltr'>σύνηθες</span> <span class='ocrx_word' id='word_1_291' title='bbox 530 4392 597 4464; x_wconf 73' lang='grc' dir='ltr'>αὐτῷ</span> <span class='ocrx_word' id='word_1_292' title='bbox 620 4391 705 4446; x_wconf 83' lang='grc' dir='ltr'>εἶπόν·</span> <span class='ocrx_word' id='word_1_293' title='bbox 730 4385 765 4444; x_wconf 84' lang='grc' dir='ltr'>Ὠ</span> <span class='ocrx_word' id='word_1_294' title='bbox 787 4392 849 4444; x_wconf 84' lang='grc' dir='ltr'>καλε“</span> <span class='ocrx_word' id='word_1_295' title='bbox 873 4392 929 4454; x_wconf 71' lang='grc' dir='ltr'>θεὲ,</span> <span class='ocrx_word' id='word_1_296' title='bbox 951 4392 986 4449; x_wconf 79' lang='grc' dir='ltr'><strong>είς</strong></span> <span class='ocrx_word' id='word_1_297' title='bbox 1009 4391 1076 4451; x_wconf 75' lang='grc' dir='ltr'>οἴους</span> <span class='ocrx_word' id='word_1_298' title='bbox 1095 4415 1127 4464; x_wconf 81' lang='grc' dir='ltr'><strong>με</strong></span> <span class='ocrx_word' id='word_1_299' title='bbox 1148 4395 1247 4465; x_wconf 74' lang='grc' dir='ltr'>καιρούς</span> 
     </span>
    </p>
   </div>
   <div class='ocr_carea' id='block_1_3' title="bbox 205 4487 1247 4567">
    <p class='ocr_par' dir='ltr' id='par_1_7' title="bbox 205 4487 1247 4567">
     <span class='ocr_line' id='line_1_35' title="bbox 205 4487 1247 4567; baseline 0.003 -24"><span class='ocrx_word' id='word_1_300' title='bbox 205 4489 348 4560; x_wconf 75' lang='grc' dir='ltr'>τετήρηκας,</span> <span class='ocrx_word' id='word_1_301' title='bbox 365 4487 405 4543; x_wconf 79' lang='grc' dir='ltr'><strong>ἶνα</strong></span> <span class='ocrx_word' id='word_1_302' title='bbox 432 4487 528 4542; x_wconf 79' lang='grc' dir='ltr'>τούτων</span> <span class='ocrx_word' id='word_1_303' title='bbox 555 4488 698 4560; x_wconf 78' lang='grc' dir='ltr'>ἀνίχοιμαιί</span> <span class='ocrx_word' id='word_1_304' title='bbox 736 4488 863 4562; x_wconf 80' lang='grc' dir='ltr'>πεφεύγοι</span> <span class='ocrx_word' id='word_1_305' title='bbox 889 4489 921 4542; x_wconf 81' lang='grc' dir='ltr'>όν</span> <span class='ocrx_word' id='word_1_306' title='bbox 947 4493 987 4545; x_wconf 78' lang='grc' dir='ltr'><strong>καί</strong></span> <span class='ocrx_word' id='word_1_307' title='bbox 1011 4493 1055 4545; x_wconf 83' lang='grc' dir='ltr'><strong>τόν</strong></span> <span class='ocrx_word' id='word_1_308' title='bbox 1077 4495 1156 4547; x_wconf 89' lang='grc' dir='ltr'>τόπον</span> <span class='ocrx_word' id='word_1_309' title='bbox 1180 4488 1247 4567; x_wconf 74' lang='grc' dir='ltr'><strong>ε’νῷ</strong></span> 
     </span>
    </p>
   </div>
   <div class='ocr_carea' id='block_1_4' title="bbox 201 4585 1250 5248">
    <p class='ocr_par' dir='ltr' id='par_1_8' title="bbox 205 4585 945 4659">
     <span class='ocr_line' id='line_1_36' title="bbox 205 4585 945 4659; baseline 0.001 -18"><span class='ocrx_word' id='word_1_310' title='bbox 205 4587 368 4656; x_wconf 75' lang='grc' dir='ltr'>καθεζόμενος</span> <span class='ocrx_word' id='word_1_311' title='bbox 387 4585 403 4655; x_wconf 71' lang='grc' dir='ltr'><em>ἢ</em></span> <span class='ocrx_word' id='word_1_312' title='bbox 424 4587 506 4643; x_wconf 75' lang='grc' dir='ltr'>ἑστὼς</span> <span class='ocrx_word' id='word_1_313' title='bbox 524 4591 574 4640; x_wconf 82' lang='grc' dir='ltr'><strong>τῶν</strong></span> <span class='ocrx_word' id='word_1_314' title='bbox 593 4585 715 4641; x_wconf 85' lang='grc' dir='ltr'>τοιούτων</span> <span class='ocrx_word' id='word_1_315' title='bbox 733 4587 833 4656; x_wconf 87' lang='grc' dir='ltr'>ἀκηκόει</span> <span class='ocrx_word' id='word_1_316' title='bbox 852 4590 945 4659; x_wconf 75' lang='grc' dir='ltr'>λόγων.</span> 
     </span>
    </p>

    <p class='ocr_par' dir='ltr' id='par_1_9' title="bbox 201 4678 1248 4951">
     <span class='ocr_line' id='line_1_37' title="bbox 248 4678 1247 4762; baseline 0.003 -22"><span class='ocrx_word' id='word_1_317' title='bbox 248 4694 263 4725; x_wconf 83' lang='lat'><strong>¹¹</strong></span> <span class='ocrx_word' id='word_1_318' title='bbox 284 4683 388 4740; x_wconf 79' lang='lat' dir='ltr'><strong>Postea</strong></span> <span class='ocrx_word' id='word_1_319' title='bbox 407 4678 483 4762; x_wconf 84' lang='lat' dir='ltr'><strong>vero]</strong></span> <span class='ocrx_word' id='word_1_320' title='bbox 509 4683 644 4741; x_wconf 79' lang='lat' dir='ltr'><strong>irenaeus</strong></span> <span class='ocrx_word' id='word_1_321' title='bbox 658 4693 694 4739; x_wconf 87' lang='lat'><strong>111</strong></span> <span class='ocrx_word' id='word_1_322' title='bbox 710 4682 740 4740; x_wconf 90' lang='lat' dir='ltr'><strong>iii</strong></span> <span class='ocrx_word' id='word_1_323' title='bbox 757 4705 783 4756; x_wconf 83' lang='lat'><strong>4,</strong></span> <span class='ocrx_word' id='word_1_324' title='bbox 805 4685 834 4739; x_wconf 79' lang='grc' dir='ltr'>ὃν</span> <span class='ocrx_word' id='word_1_325' title='bbox 854 4687 894 4740; x_wconf 80' lang='grc' dir='ltr'><strong>καὶ</strong></span> <span class='ocrx_word' id='word_1_326' title='bbox 915 4685 985 4755; x_wconf 68' lang='grc' dir='ltr'>ἡμεῖς</span> <span class='ocrx_word' id='word_1_327' title='bbox 1005 4687 1148 4758; x_wconf 74' lang='grc' dir='ltr'>ἑωράκαμεν</span> <span class='ocrx_word' id='word_1_328' title='bbox 1170 4689 1247 4758; x_wconf 79' lang='grc' dir='ltr'>ἐντῇ</span> 
     </span>
     <span class='ocr_line' id='line_1_38' title="bbox 201 4782 1248 4857; baseline 0.005 -19"><span class='ocrx_word' id='word_1_329' title='bbox 201 4787 293 4854; x_wconf 73' lang='grc' dir='ltr'>πρώτη</span> <span class='ocrx_word' id='word_1_330' title='bbox 310 4783 381 4852; x_wconf 76' lang='grc' dir='ltr'>ἡμῶν</span> <span class='ocrx_word' id='word_1_331' title='bbox 397 4782 487 4852; x_wconf 76' lang='grc' dir='ltr'>ἡλικίᾳ,</span> <span class='ocrx_word' id='word_1_332' title='bbox 503 4783 613 4837; x_wconf 82' lang='grc' dir='ltr'>ε’πιπολύ</span> <span class='ocrx_word' id='word_1_333' title='bbox 627 4782 676 4855; x_wconf 77' lang='grc' dir='ltr'><strong>γὰρ</strong></span> <span class='ocrx_word' id='word_1_334' title='bbox 693 4783 836 4855; x_wconf 77' lang='grc' dir='ltr'>παρέμεινε·</span> <span class='ocrx_word' id='word_1_335' title='bbox 857 4785 897 4837; x_wconf 81' lang='grc' dir='ltr'><strong>καὶ</strong></span> <span class='ocrx_word' id='word_1_336' title='bbox 915 4786 980 4838; x_wconf 82' lang='grc' dir='ltr'>πάνυ</span> <span class='ocrx_word' id='word_1_337' title='bbox 995 4786 1126 4857; x_wconf 72' lang='grc' dir='ltr'>γηραλέος,</span> <span class='ocrx_word' id='word_1_338' title='bbox 1141 4786 1248 4855; x_wconf 74' lang='grc' dir='ltr'>ἐνδόξως</span> 
     </span>
     <span class='ocr_line' id='line_1_39' title="bbox 203 4878 885 4951; baseline -0.003 -15"><span class='ocrx_word' id='word_1_339' title='bbox 203 4882 249 4936; x_wconf 78' lang='grc' dir='ltr'><strong>καί</strong></span> <span class='ocrx_word' id='word_1_340' title='bbox 261 4881 451 4951; x_wconf 68' lang='grc' dir='ltr'>ἐπιφανέστατα</span> <span class='ocrx_word' id='word_1_341' title='bbox 464 4878 635 4951; x_wconf 75' lang='grc' dir='ltr'>μαρτυρήσας,</span> <span class='ocrx_word' id='word_1_342' title='bbox 649 4880 740 4948; x_wconf 73' lang='grc' dir='ltr'>ἐξῆλθε</span> <span class='ocrx_word' id='word_1_343' title='bbox 754 4884 799 4934; x_wconf 86' lang='grc' dir='ltr'>τοῦ</span> <span class='ocrx_word' id='word_1_344' title='bbox 816 4881 885 4945; x_wconf 83' lang='grc' dir='ltr'>βίον.</span> 
     </span>
    </p>

    <p class='ocr_par' dir='ltr' id='par_1_10' title="bbox 206 4973 1250 5248">
     <span class='ocr_line' id='line_1_40' title="bbox 249 4973 1250 5056; baseline 0.001 -21"><span class='ocrx_word' id='word_1_345' title='bbox 249 4987 264 5018; x_wconf 89' lang='lat'>⁰</span> <span class='ocrx_word' id='word_1_346' title='bbox 283 4973 438 5056; x_wconf 80' lang='lat' dir='ltr'><strong>Smyrnae]</strong></span> <span class='ocrx_word' id='word_1_347' title='bbox 463 4974 650 5052; x_wconf 85' lang='lat' dir='ltr'><strong>Sepulchrum</strong></span> <span class='ocrx_word' id='word_1_348' title='bbox 665 4975 694 5033; x_wconf 81' lang='lat' dir='ltr'><strong>S.</strong></span> <span class='ocrx_word' id='word_1_349' title='bbox 713 4976 870 5052; x_wconf 86' lang='lat' dir='ltr'><strong>Polycarpi‚</strong></span> <span class='ocrx_word' id='word_1_350' title='bbox 886 4977 962 5052; x_wconf 91' lang='lat' dir='ltr'><strong>quod</strong></span> <span class='ocrx_word' id='word_1_351' title='bbox 983 4976 1013 5032; x_wconf 89' lang='lat' dir='ltr'><strong>in</strong></span> <span class='ocrx_word' id='word_1_352' title='bbox 1034 4976 1122 5035; x_wconf 89' lang='lat' dir='ltr'><strong>latere</strong></span> <span class='ocrx_word' id='word_1_353' title='bbox 1143 4979 1250 5036; x_wconf 90' lang='lat' dir='ltr'><strong>montis</strong></span> 
     </span>
     <span class='ocr_line' id='line_1_41' title="bbox 208 5065 1249 5152; baseline -0.001 -18"><span class='ocrx_word' id='word_1_354' title='bbox 208 5095 307 5134; x_wconf 88' lang='lat' dir='ltr'><strong>versus</strong></span> <span class='ocrx_word' id='word_1_355' title='bbox 328 5065 536 5133; x_wconf 74' lang='lat' dir='ltr'><strong>Euroaustrum</strong></span> <span class='ocrx_word' id='word_1_356' title='bbox 558 5074 649 5132; x_wconf 89' lang='lat' dir='ltr'><strong>adhue</strong></span> <span class='ocrx_word' id='word_1_357' title='bbox 666 5082 858 5145; x_wconf 86' lang='lat' dir='ltr'><strong>conservatur,</strong></span> <span class='ocrx_word' id='word_1_358' title='bbox 878 5074 988 5146; x_wconf 87' lang='lat' dir='ltr'><strong>Graeci,</strong></span> <span class='ocrx_word' id='word_1_359' title='bbox 1010 5074 1055 5132; x_wconf 87' lang='lat' dir='ltr'><strong>die</strong></span> <span class='ocrx_word' id='word_1_360' title='bbox 1072 5075 1144 5135; x_wconf 85' lang='lat' dir='ltr'><strong>festo</strong></span> <span class='ocrx_word' id='word_1_361' title='bbox 1160 5076 1249 5152; x_wconf 88' lang='lat' dir='ltr'><strong>ipsius</strong></span> 
     </span>
     <span class='ocr_line' id='line_1_42' title="bbox 206 5171 1249 5248; baseline -0.002 -18"><span class='ocrx_word' id='word_1_362' title='bbox 206 5173 363 5233; x_wconf 86' lang='lat' dir='ltr'><strong>memoriae</strong></span> <span class='ocrx_word' id='word_1_363' title='bbox 377 5178 549 5238; x_wconf 87' lang='lat' dir='ltr'><strong>consecrato,</strong></span> <span class='ocrx_word' id='word_1_364' title='bbox 563 5191 615 5247; x_wconf 93' lang='lat' dir='ltr'><strong>pro</strong></span> <span class='ocrx_word' id='word_1_365' title='bbox 629 5191 707 5231; x_wconf 92' lang='lat' dir='ltr'><strong>more</strong></span> <span class='ocrx_word' id='word_1_366' title='bbox 722 5171 771 5248; x_wconf 92' lang='lat' dir='ltr'><strong>qui</strong></span> <span class='ocrx_word' id='word_1_367' title='bbox 792 5171 867 5248; x_wconf 90' lang='lat' dir='ltr'><strong>apud</strong></span> <span class='ocrx_word' id='word_1_368' title='bbox 889 5171 964 5248; x_wconf 82' lang='lat' dir='ltr'><strong>ipsos</strong></span> <span class='ocrx_word' id='word_1_369' title='bbox 985 5171 1096 5229; x_wconf 88' lang='lat' dir='ltr'><strong>obtinet</strong></span> <span class='ocrx_word' id='word_1_370' title='bbox 1115 5180 1144 5231; x_wconf 90' lang='lat' dir='ltr'><strong>et</strong></span> <span class='ocrx_word' id='word_1_371' title='bbox 1160 5172 1249 5230; x_wconf 83' lang='lat' dir='ltr'><strong>ferca</strong></span> 
     </span>
    </p>
   </div>
   <div class='ocr_carea' id='block_1_5' title="bbox 0 0 1643 6612">
    <p class='ocr_par' dir='ltr' id='par_1_11' title="bbox 0 0 1643 6612">
     <span class='ocr_line' id='line_1_43' title="bbox 0 0 1643 6612; baseline 0 0"><span class='ocrx_word' id='word_1_372' title='bbox 0 0 1643 6612; x_wconf 95' lang='lat' dir='ltr'><strong> </strong></span> 
     </span>
    </p>
   </div>
  </div>
 </body>
</html>
