3250 6617
574 1085 789 1149 urisrom
812 1086 859 1164 11,
877 1088 939 1149 vis.
1212 1090 1276 1154 arr

238 1286 310 1333 nou
328 1258 517 1343 morietur,
536 1272 567 1331 et
585 1258 684 1356 iperio
701 1286 828 1333 eorum
851 1286 923 1333 oon
947 1259 1218 1356 ecstioyoctur:
1245 1274 1276 1333 et

239 1388 344 1447 eruut
362 1373 402 1447 in
420 1373 597 1446 cisione-ru
615 1372 716 1447 omui
733 1375 851 1447 correi.

288 1490 400 1564 VIII.
428 1490 612 1582 Quamdiu
639 1516 724 1589 ergo
752 1490 790 1562 in
817 1492 923 1564 torris
952 1491 1129 1591 degimus,
1156 1495 1278 1592 poeni-

239 1608 394 1683 tentiam
419 1634 578 1708 agamus.
630 1608 770 1681 Lutum
797 1607 933 1707 quippe
960 1635 1085 1683 sumus
1108 1609 1147 1682 in
1168 1638 1279 1684 manu
1293 1633 1442 1681 namna.

1292 1700 1343 1747 Jcr.
1358 1698 1416 1745 xviii

239 1720 412 1811 artificis3
445 1721 749 1821 quemadmodum
780 1723 877 1795 euim
904 1723 1049 1821 figrdua
1080 1726 1111 1798 si
1138 1753 1202 1799 vas
1228 1728 1279 1800 fe·
1293 1765 1364 1825 44,

239 1840 340 1926 cerit,
370 1839 532 1939 illudque
566 1840 603 1911 in
637 1840 805 1914 manibus
836 1840 914 1938 ejus
941 1840 1138 1915 distortum
1168 1843 1281 1917 fuerit

241 1965 308 2030 aut
333 1957 541 2041 contritum,
569 1983 694 2029 rursus
723 1956 843 2055 ipsum
874 1956 1047 2056 refingit;
1073 1959 1130 2031 sin
1157 1971 1281 2034 autem

241 2073 558 2172 praeoccupaverit
588 2071 677 2145 iIIud
707 2073 853 2146 mittere
889 2073 927 2146 in
961 2074 1141 2147 fornacem
1177 2077 1281 2176 ignis,

236 2189 316 2288 jam
340 2217 414 2263 non
439 2189 595 2288 amplius
620 2189 658 2261 id
681 2189 860 2288 coniget:
887 2191 941 2263 ita
959 2199 997 2263 et
1014 2218 1089 2278 nos,
1107 2193 1282 2290 quamdiu

243 2332 369 2379 sumus
402 2306 441 2378 in
475 2304 542 2378 hoc
575 2305 721 2387 mundo,
755 2305 800 2378 de
835 2305 939 2378 malis
973 2333 1066 2404 quae
1100 2307 1138 2379 in
1176 2334 1282 2381 earne

242 2421 432 2520 gessimus,
450 2448 496 2494 ex
512 2432 592 2493 toto
615 2419 720 2494 corde
743 2422 1006 2520 resipiscamus,
1024 2432 1068 2495 ut
1086 2450 1108 2495 a
1126 2424 1282 2496 Domino

243 2536 434 2624 salvemur,
447 2538 535 2612 dum
547 2548 693 2635 tempus
705 2537 953 2635 poenitentiae
966 2538 1150 2612 habemus.
1179 2540 1283 2611 Post

243 2680 355 2753 quam
381 2654 478 2727 enim
503 2680 523 2726 e
548 2653 685 2726 mundo
711 2653 901 2739 exivimus,
927 2682 998 2727 non
1022 2655 1178 2755 amplius
1203 2683 1283 2754 pos-

244 2797 371 2845 sumus
397 2770 448 2845 ibi
470 2770 644 2856 confiteri,
661 2781 728 2844 aut
744 2771 1008 2869 poenitentiam
1033 2771 1151 2846 adhuc
1168 2800 1282 2872 agere.

246 2888 378 2981 Quare,
395 2888 534 2974 fratres,
552 2889 779 2963 voluntatem
798 2890 919 2963 Patris
943 2890 1129 2976 facientes,
1150 2900 1188 2964 et
1211 2918 1284 2964 cnr-

246 3038 329 3085 nem
355 3020 543 3084 servantes
567 3022 714 3096 castam,
735 3021 774 3084 et
795 3011 969 3085 mandata
992 3010 1141 3083 Domini
1167 3020 1284 3083 eusto-

248 3292 324 3346 ‘tus.
368 3286 425 3344 Hic
444 3287 504 3345 vita
524 3296 574 3345 aut
594 3287 745 3351 amittitur,
787 3292 955 3364 ‘praetores
971 3288 1150 3357 daemonum,
1165 3307 1285 3365 poenam

248 3374 320 3427 ‘aut
333 3374 454 3427 tenetur.
485 3368 543 3426 Hic
556 3368 640 3427 saluti
655 3376 744 3427 aeter·
788 3369 896 3426 ‘finem
922 3369 1085 3428 habituram
1112 3389 1180 3440 esse,
1205 3368 1285 3426 resti-

249 3455 324 3507 ‘nae
341 3449 421 3507 cultu
439 3449 494 3507 Dei
514 3457 544 3508 et
564 3450 658 3508 fructu
680 3449 747 3508 fidei
788 3455 962 3526 ‘tutumque
983 3450 1094 3508 iritum
1115 3449 1217 3526 impios
1237 3449 1284 3506 ho-

249 3530 455 3608 ‘providetun'
497 3528 536 3610 [p.
561 3533 616 3605 196
641 3531 671 3588 T.
702 3532 744 3589 ed
788 3532 901 3588 ‘mines
914 3540 977 3589 tum
998 3532 1148 3589 daemones
1168 3531 1197 3587 in
1215 3530 1286 3607 pris-

250 3612 334 3688 Fen]
356 3613 544 3671 Succedentes
554 3613 653 3671 Patres
663 3612 747 3671 multi
788 3613 902 3670 ‘tinum
918 3611 1047 3669 ordinem
1058 3611 1284 3682 suum‚'ceusuit.

249 3702 317 3752 suut
331 3694 360 3751 in
373 3693 426 3752 hac
442 3714 480 3759 rc,
495 3694 585 3752 donec
605 3695 746 3752 lucrosum
789 3694 869 3751 Haec
883 3693 959 3750 enim
978 3693 1040 3750 sine
1056 3692 1170 3768 praevia
1190 3693 1287 3768 poeni-

251 3775 411 3852 Purgatorii
436 3776 547 3852 dogma,
573 3776 678 3833 vicaria
700 3795 746 3832 su·
788 3775 879 3833 tentia
893 3774 1008 3832 admitti
1022 3781 1174 3850 nequeunt.
1213 3774 1286 3830 Rur-

250 3856 403 3934 perstitum
417 3858 519 3914 merita
531 3866 672 3915 terrarum
686 3857 748 3915 orbi
788 3875 909 3932 sumque
929 3855 998 3912 dum
1019 3875 1137 3912 numero
1157 3855 1286 3931 sequenti

250 3938 305 3996 sibi
325 3938 459 4015 vitiisque
480 3938 586 3996 faventi
607 3958 749 3997 commen·
789 3939 932 4008 docemur,
947 3937 1057 3993 nullum
1078 3943 1143 4013 post
1160 3935 1233 3994 hanc
1246 3937 1287 3993 vi-

251 4020 341 4084 deret,
361 4027 390 4077 et
403 4019 501 4077 venale
521 4020 631 4078 eoelum
652 4021 749 4078 hastae
788 4026 850 4078 torn
872 4039 1018 4096 superesse
1042 4028 1155 4094 tempus
1177 4017 1207 4075 in
1231 4037 1288 4094 quo

251 4101 441 4159 submitteret.
465 4101 573 4159 FELL.
790 4101 882 4158 sanari
901 4100 1053 4172 valeamus,
1074 4100 1123 4157 illa
1143 4098 1173 4155 in
1193 4099 1289 4175 pristi-

295 4202 320 4257 9.
347 4185 374 4238 ἐν
396 4189 426 4253 τῇ
451 4186 526 4255 σαρκὶ
549 4184 566 4238 d
593 4183 747 4256 ἐπράξαμεν]
790 4202 859 4239 num
888 4182 1017 4240 ordinem
1042 4181 1201 4240 revertendi
1226 4200 1290 4257 spes

254 4264 428 4341 Legondum,
443 4265 507 4319 6ΐᾶ
528 4266 676 4336 ἐπράξαμεν,
699 4263 751 4320 im·
791 4263 887 4340 impiis
901 4283 1016 4339 prorsus
1030 4263 1165 4322 aufertur.
1189 4262 1290 4338 Neque

254 4346 339 4403 missa
366 4345 583 4422 praepositione,
608 4365 688 4422 quae,
713 4345 751 4403 ob
791 4345 886 4402 minus
897 4345 1030 4421 Origenis
1040 4346 1075 4402 de
1085 4343 1291 4403 resurrectione

254 4427 378 4503 syllabae
405 4427 599 4503 praecedentis
620 4426 751 4485 similitu·
792 4426 897 4503 placito
911 4427 1097 4484 adversantur
1110 4444 1182 4501 quae
1196 4426 1231 4483 de
1245 4444 1290 4483 es-

255 4508 359 4577 dinem‚
378 4509 493 4567 videtur
516 4508 660 4566 excidisse.
684 4508 752 4564 DA·
793 4508 859 4565 dem
867 4506 1288 4583 moxsubjiciuntur.COUST.

255 4589 332 4648 VIS.
375 4590 444 4648 Post
464 4595 560 4662 πονηρά
583 4590 657 4647 addo
678 4591 754 4660 μισή-
794 4590 898 4647 Nonne
912 4589 1098 4646 adversantur
1111 4587 1180 4644 hacc
1193 4587 1291 4645 eedem

256 4674 397 4741 σομενκαί,
412 4672 455 4729 vel
471 4675 497 4727 ἐν
511 4674 541 4742 τῇ
555 4676 630 4744 σαρκὶ
645 4672 753 4741 proiice
796 4670 1036 4729 scholasticorum
1070 4669 1215 4727 doctrinae
1256 4669 1292 4726 de

255 4778 302 4825 μιν
315 4758 362 4809 καί
386 4753 485 4811 BOIS.
796 4751 990 4827 Purgatcriot
1027 4751 1132 4808 Nonne
1161 4770 1291 4827 praever-

303 4853 345 4891 12.
356 4836 438 4891 οὐκέτι
446 4836 581 4908 δυνάμεθα]
592 4833 668 4891 Hinc
676 4854 755 4911 prae
795 4841 897 4892 temtur
917 4832 1004 4891 etiam
1026 4831 1162 4907 figmenta
1186 4831 1234 4889 illa
1257 4832 1293 4889 de

257 4915 380 4974 vertitur
393 4915 526 4993 Origeuis
540 4936 627 4988 error,
641 4935 707 4991 quo,
722 4922 755 4972 ut
797 4915 949 4973 Missurum
962 4911 1113 4983 sacrificiis,
1122 4912 1294 4989 quibusvul-

257 4996 384 5073 loquitur
417 4997 605 5069 Iustinionus,
638 5004 707 5055 tom.
737 5017 756 5053 v
796 5016 834 5073 go
845 4996 992 5053 dicebatur
1001 4994 1183 5052 Sacerdotem
1194 4994 1294 5052 offerre

259 5077 365 5136 Concil.
390 5078 458 5136 Lab.
482 5099 509 5155 p.
533 5079 591 5135 666
610 5077 645 5148 A,
668 5078 755 5135 ιΟιιι·
797 5076 945 5135 Christum
961 5076 990 5134 in
1013 5075 1207 5133 remissionem
1228 5095 1295 5153 poe-

260 5162 267 5190 ‘
282 5158 362 5216 nium
382 5160 536 5236 impiorum
557 5158 712 5231 hominum,
727 5166 756 5216 ct
796 5178 850 5216 nae
863 5165 913 5215 aut
927 5157 1026 5233 culpae
1046 5176 1098 5233 pro
1113 5156 1185 5215 vivis
1201 5165 1231 5216 et
1245 5157 1293 5215 de·
