3250 6617
532 1051 593 1115 ΑΙ)
615 1050 905 1127 CORINTHIOS,
928 1050 1002 1113 xlvi.
1222 1052 1281 1118 I'll

245 1232 379 1311 rantes,
394 1223 530 1323 gloriae
554 1234 593 1298 et
611 1224 756 1297 honoris
779 1224 951 1297 haeredes
975 1222 1063 1296 facti
1086 1232 1183 1307 sunt,
1201 1232 1240 1295 et
1261 1250 1284 1296 a

246 1340 326 1413 Deo
351 1341 392 1413 in
420 1342 593 1415 memoria
617 1342 779 1441 ipsorum
809 1341 963 1415 exaltati
997 1350 1036 1413 et
1070 1339 1211 1424 elevati,
1245 1341 1282 1413 in

245 1462 388 1537 saecule
414 1463 646 1539 saeculorum.
698 1464 828 1537 Amen.

295 1578 434 1654 XLVI.
462 1578 609 1653 Talibus
626 1580 741 1681 igitur
757 1576 934 1677 exemplis
952 1587 990 1651 et
1008 1604 1073 1650 noe
1091 1576 1284 1649 adlicerere

246 1706 400 1795 oportet,
429 1696 569 1771 fratres.
622 1697 806 1795 Scriptum
837 1696 933 1769 enim
961 1706 1026 1779 est,
1049 1693 1198 1767 Sanctis
1223 1720 1284 1767 vos

246 1810 448 1911 offerrpitc,
469 1812 560 1911 quio
584 1812 650 1911 qui
674 1810 748 1886 illis
777 1810 978 1885 odd-nerent
1004 1808 1282 1907 sctrzctr'fleolnm-

246 1942 315 2003 tur.
367 1928 419 2003 Et
434 1954 561 2002 rursus
586 1928 624 2001 in
646 1928 716 2001 alio
740 1928 818 2001 loco
838 1928 936 2013 dicit,
957 1926 1048 2001 Cum
1072 1925 1153 1998 ciro
1179 1926 1282 1999 tronto·
1296 1943 1337 1991 Pa.
1351 1941 1411 1991 xviii

247 2058 345 2119 cente
369 2044 544 2119 innocens
568 2042 651 2129 enne,
677 2057 709 2117 et
740 2070 824 2117 ceren
854 2044 959 2117 electo
990 2043 1118 2115 clectos·
1148 2040 1230 2127 ι’νίε,
1251 2054 1283 2114 et
1297 2022 1335 2069 ²⁵’
1351 2008 1388 2058 ²⁶¹

246 2288 366 2348 authore
380 2290 511 2347 Bernaba
521 2289 600 2348 Pauli
612 2288 743 2367 Apostoli
785 2306 870 2366 quam
892 2288 962 2346 haec
983 2287 1139 2346 Clementis
1160 2288 1285 2346 Alexan-

247 2370 348 2441 eodali,
361 2370 409 2429 lex
423 2371 556 2441 Mosaios,
571 2371 639 2429 Lev.
655 2372 694 2441 xi,
709 2372 745 2429 de
784 2371 870 2435 drini.
899 2377 1011 2427 mutato
1045 2388 1143 2427 eornm
1175 2369 1282 2442 ordine,

247 2452 428 2512 comedendis
440 2452 477 2511 iis
486 2452 662 2523 animalibus,
673 2474 744 2529 quoe
784 2453 924 2510 translato
933 2450 1072 2527 judicent.
1096 2450 1152 2507 Sed
1166 2470 1216 2508 eur
1226 2471 1282 2509 non

249 2540 278 2593 et
290 2532 438 2593 ruminant
454 2540 484 2593 et
496 2534 605 2593 bisulca
624 2543 699 2604 eunt,
712 2554 745 2591 ee
785 2533 881 2610 potius
900 2532 975 2589 hunc
988 2531 1029 2588 ibi
1043 2531 1218 2590 Clementem
1233 2553 1283 2590 no·

247 2613 272 2673 si
292 2618 435 2673 κολλᾶσθαι
451 2622 505 2675 τοῖς
523 2619 603 2690 ἁγίοις
622 2616 743 2691 juberet.
785 2623 877 2673 strum
898 2612 1005 2671 imitori
1021 2614 1203 2670 censeamusl
1225 2633 1283 2671 ma-

250 2694 387 2769 [Barnnb.
408 2696 499 2774 Epist
524 2696 539 2772 §
560 2692 618 2775 ια]
645 2696 744 2755 Bola
786 2696 862 2754 xime
876 2716 965 2772 quum
979 2694 1046 2752 olibi
1061 2694 1121 2769 ejus
1135 2695 1221 2751 verba
1235 2714 1282 2753 ex-

247 2776 348 2837 Monet
369 2776 537 2841 Cotelerius.
553 2798 584 2836 se
605 2797 745 2855 nusquam
784 2777 890 2836 scribat
924 2776 1076 2843 interdum,
1104 2784 1133 2834 et
1167 2796 1199 2833 ea
1232 2783 1283 2834 aut

246 2856 277 2915 in
291 2858 535 2936 Scripturishune
552 2859 646 2917 locum
666 2859 743 2915 inve-
783 2858 964 2935 paucioribus
986 2856 1213 2934 perstringendo,
1232 2866 1282 2916 aut
1356 2871 1358 2875 '

247 2938 330 3013 nisse,
345 2960 466 3017 eumque
487 2962 522 2999 ex
538 2940 669 3017 pluribus
681 2950 743 2999 tex·
783 2940 913 3017 pluribus
942 2938 1140 3015 interpolando
1175 2938 1281 2997 imitari

246 3020 324 3081 utus
342 3022 495 3081 conflatum
511 3022 660 3100 conjectat,
674 3030 745 3098 puta
784 3022 974 3079 convineatur.
1031 3018 1124 3077 Nobis
1157 3020 1281 3097 quidem,

245 3120 282 3161 ex
305 3100 359 3175 his,
380 3103 569 3163 Ecclesiastiei
586 3103 615 3161 vi
637 3117 685 3177 35,
705 3106 745 3161 τίς
783 3103 833 3161 sed
847 3101 1071 3179 ignoramusubi
1086 3101 1280 3177 scriptumsIt,

245 3188 332 3259 σοφός
338 3204 348 3256 3
361 3188 428 3263 edroi
439 3185 653 3259 προσκολλὴθοτι,
664 3193 693 3243 et
706 3204 742 3242 ex
781 3184 899 3243 :S'onctis
917 3204 966 3241 nos
985 3183 1134 3259 odjnnqite
1153 3184 1201 3241 dcc.
1217 3204 1279 3241 ver-

245 3262 348 3323 ICor.
362 3266 402 3323 vii
422 3284 467 3338 14,
487 3265 536 3323 ubi
556 3264 743 3323 virinfidelis
782 3266 885 3323 borum
912 3264 1067 3323 Clementis
1094 3263 1281 3322 Alexandrini

244 3346 458 3423 permulierem
470 3346 592 3417 fidelem,
603 3354 632 3405 et
641 3347 743 3406 mulier
782 3348 854 3405 ordo
872 3346 986 3405 videtur
1011 3344 1180 3404 concinnior.
1224 3345 1280 3403 Sed

244 3426 367 3487 infidelis
378 3448 430 3505 per
439 3428 533 3487 dmm
542 3427 742 3487 fidelemeanc·
782 3428 856 3486 fort-e
881 3428 955 3485 bunc
978 3448 1011 3485 eo
1031 3427 1092 3503 ipsa
1109 3426 1191 3496 ratio,
1214 3426 1281 3503 quia

244 3508 350 3569 tidoari
374 3508 487 3569 dicitur.
542 3508 666 3567 Facilius
689 3508 743 3567 hoe
782 3510 858 3567 unde
872 3517 966 3568 sumta
985 3514 1058 3566 esset
1071 3507 1120 3564 illa
1140 3507 1281 3567 sententia

246 3588 392 3663 deremsi
410 3598 525 3651 tantum
543 3591 639 3667 legere
659 3599 742 3663 esset,
783 3590 934 3655 nesciebat,
969 3587 1097 3659 adduxit,
1132 3596 1165 3647 ut
1191 3588 1281 3647 totius

245 3672 386 3749 scriptam
410 3682 451 3731 est
480 3673 565 3745 enim,
593 3673 665 3748 pria
691 3674 743 3747 qni
782 3672 838 3730 loci
857 3670 987 3730 ordinem
1007 3670 1170 3731 inverteret.
1188 3690 1279 3747 nequo

244 3754 354 3813 mne
388 3754 551 3826 addamne,
584 3754 743 3829 aonntifico-
784 3753 940 3812 Clementis
963 3750 1053 3811 nostri
1077 3750 1191 3808 nomine
1213 3770 1279 3809 oum

243 3832 362 3907 nvom,
384 3854 437 3894 nec
460 3836 680 3914 subjungeretur
699 3835 742 3893 di·
782 3834 918 3893 laudaret.
951 3830 1169 3891 COUSTANT.
1232 3831 1279 3891 Ad

245 3924 341 3975 sertus
361 3915 525 3994 Scripturne
546 3923 651 3976 textus.
693 3917 739 3975 Jo.
783 3916 889 3974 Sirnch.
915 3914 943 3973 vi
972 3929 1019 3989 35.
1048 3915 1095 3987 36,
1122 3914 1279 3990 respexisse

246 3996 381 4069 Clericus,
407 3998 472 4057 Aru
501 3998 572 4057 On‘t
599 3998 674 4056 Part.
699 3996 740 4063 iii,
782 3996 960 4057 Clementem
994 4002 1077 4074 putat
1109 3994 1276 4073 Herzogius.

245 4078 321 4139 Soet
346 4098 373 4151 e,
392 4098 415 4138 c.
440 4096 468 4153 5,
487 4100 515 4139 n
541 4098 586 4150 ιο,
608 4081 741 4138 observet
780 4082 862 4157 ἀθῷος
871 4078 1051 4137 scribendum
1062 4096 1130 4145 osse,
1145 4095 1201 4134 non
1212 4080 1276 4133 ride

243 4160 374 4221 similem·
387 4180 447 4219 esse
469 4160 564 4220 locum
584 4160 740 4221 Clementis
781 4186 816 4226 ος,
838 4160 921 4220 docet
942 4158 1095 4218 Elmsloius
1116 4158 1152 4215 ad
1177 4158 1275 4236 Eurip.

244 4240 442 4314 Alexandrini,
465 4242 571 4301 Strom.
594 4264 621 4314 v,
649 4240 689 4323 [8,
711 4263 738 4320 p.
781 4240 857 4301 Med.
877 4244 960 4316 1267.

246 4324 304 4399 677
326 4324 371 4383 ed.
396 4319 518 4405 Potber]
544 4324 586 4384 ita
612 4324 741 4383 enuntia·
823 4342 848 4399 9.
877 4328 918 4380 ml
940 4324 992 4395 μετ’
1017 4325 1135 4378 &clemeri
1162 4322 1277 4380 ἐκλεκτὸς

243 4412 327 4465 mm:
353 4406 493 4481 γίγροποι
514 4408 550 4477 δι’,
569 4409 633 4477 μετὰ
652 4408 742 4480 ἀνδρὸς
780 4402 841 4485 ἔσῃ]
857 4404 1099 4464 Editoribusante
1107 4400 1276 4461 Wottonum

244 4488 330 4565 δθᾴοο
347 4488 430 4563 ὀθᾷος
448 4490 507 4559 ἔσῃ,
521 4491 562 4544 καὶ
579 4490 642 4559 μετὰ
657 4490 742 4543 mu-
782 4486 830 4563 qui
853 4486 925 4544 hanc
951 4485 1104 4543 clausulam
1129 4481 1275 4555 omittunt,

242 4572 292 4625 λοῦ
311 4570 428 4627 ἐκλεκτὸς
446 4571 503 4641 ἔσῃ,
521 4573 561 4626 ml
580 4572 643 4639 μετὰ
666 4593 739 4641 στρε-
780 4567 873 4625 fraudi
900 4567 955 4625 luit
976 4566 1075 4642 magis,
1098 4572 1132 4623 ut
1153 4563 1275 4635 videtur,

241 4654 312 4715 βλοῦ
334 4651 508 4724 διαστρέψω·
536 4651 677 4706 κολλᾶσθαι
696 4650 741 4706 οὖν
780 4648 995 4726 typothetarum
1011 4647 1119 4704 incuria
1132 4665 1217 4722 quam
1231 4666 1275 4703 er-

240 4736 295 4789 mis
307 4732 389 4807 erton
400 4732 530 4805 προσήκοι,
544 4732 583 4787 ὅτι
600 4734 625 4787 ol
642 4735 740 4787 κολλό-
780 4750 829 4788 ror
848 4729 937 4802 Iunii,
961 4728 1040 4806 cujus
1060 4726 1152 4785 versio
1173 4726 1277 4785 Latina

241 4836 313 4883 nmo
333 4814 419 4871 οὐωῖο
438 4813 645 4887 ἁγιοοθὴσοντοο
686 4812 740 4871 Ae
780 4808 1095 4886 haeoverbaagnoscit.
1131 4808 1276 4866 Russelius

241 4912 299 4971 qne
311 4892 338 4953 is
349 4900 395 4951 est
407 4893 516 4970 primm
529 4893 607 4951 locus
625 4913 661 4951 ex
682 4914 739 4971 quo
778 4893 892 4970 plenem
919 4892 1069 4949 lectionem
1091 4888 1220 4947 Wottoni
1245 4896 1275 4949 et

240 4980 325 5035 notat
350 4974 397 5033 vir
428 4974 557 5033 eruditus
583 4973 739 5034 Clementis
779 4973 892 5033 Codicis
911 4972 988 5031 MSti
1009 4970 1125 5029 exhibet
1143 4971 1172 5027 in
1187 4970 1275 5031 Grae-

239 5056 333 5115 nostri
355 5056 506 5134 epistolam
532 5056 675 5114 nonnullis
697 5056 738 5115 vi-
779 5056 827 5128 cis,
842 5052 1068 5131 interpretationi
1087 5058 1183 5111 autem
1204 5053 1273 5112 nihil

240 5136 303 5195 deri
337 5136 547 5215 interpolatam,
574 5146 676 5216 utpote
709 5138 737 5196 in
779 5137 867 5195 addit.

837 5252 888 5295 Ἠ
