<?xml version="1.0" encoding="UTF-8"?>
<!DOCTYPE html PUBLIC "-//W3C//DTD XHTML 1.0 Transitional//EN"
    "http://www.w3.org/TR/xhtml1/DTD/xhtml1-transitional.dtd">
<html xmlns="http://www.w3.org/1999/xhtml" xml:lang="en" lang="en">
 <head>
  <title>
</title>
<meta http-equiv="Content-Type" content="text/html;charset=utf-8" />
  <meta name='ocr-system' content='tesseract 3.04.00' />
  <meta name='ocr-capabilities' content='ocr_page ocr_carea ocr_par ocr_line ocrx_word'/>
</head>
<body>
  <div class='ocr_page' id='page_1' title='image "./sclementisroman00polygoog_0323.png"; bbox 0 0 3250 6617; ppageno 0'>
   <div class='ocr_carea' id='block_1_1' title="bbox 372 1055 1061 1120">
    <p class='ocr_par' dir='ltr' id='par_1_1' title="bbox 372 1055 1061 1120">
     <span class='ocr_line' id='line_1_1' title="bbox 372 1055 1061 1120; baseline 0.006 -3"><span class='ocrx_word' id='word_1_1' title='bbox 372 1056 436 1118; x_wconf 65' lang='lat'>234</span> <span class='ocrx_word' id='word_1_2' title='bbox 747 1055 779 1118; x_wconf 87' lang='lat' dir='ltr'>S.</span> <span class='ocrx_word' id='word_1_3' title='bbox 804 1055 1061 1120; x_wconf 79' lang='lat' dir='ltr'>CLEMEN&#39;PIS</span> 
     </span>
    </p>
   </div>
   <div class='ocr_carea' id='block_1_2' title="bbox 206 1226 1479 3631">
    <p class='ocr_par' dir='ltr' id='par_1_2' title="bbox 206 1226 1479 3631">
     <span class='ocr_line' id='line_1_2' title="bbox 372 1226 1418 1337; baseline 0.005 -31"><span class='ocrx_word' id='word_1_4' title='bbox 372 1234 444 1306; x_wconf 84' lang='grc' dir='ltr'>τῶν</span> <span class='ocrx_word' id='word_1_5' title='bbox 474 1226 672 1307; x_wconf 77' lang='grc' dir='ltr'>δοκούντων</span> <span class='ocrx_word' id='word_1_6' title='bbox 702 1229 791 1334; x_wconf 81' lang='grc' dir='ltr'>ἔχειν</span> <span class='ocrx_word' id='word_1_7' title='bbox 820 1228 924 1310; x_wconf 85' lang='grc' dir='ltr'>θεόν.</span> <span class='ocrx_word' id='word_1_8' title='bbox 987 1235 1058 1311; x_wconf 76' lang='grc' dir='ltr'>Καὶ</span> <span class='ocrx_word' id='word_1_9' title='bbox 1090 1231 1191 1333; x_wconf 82' lang='grc' dir='ltr'>ἑτέρα</span> <span class='ocrx_word' id='word_1_10' title='bbox 1219 1229 1256 1310; x_wconf 76' lang='grc' dir='ltr'>δέ</span> <span class='ocrx_word' id='word_1_11' title='bbox 1292 1228 1418 1337; x_wconf 79' lang='grc' dir='ltr'>γραφὴ</span> 
     </span>
     <span class='ocr_line' id='line_1_3' title="bbox 373 1354 1419 1455; baseline 0.003 -22"><span class='ocrx_word' id='word_1_12' title='bbox 373 1355 481 1455; x_wconf 95' lang='grc' dir='ltr'>λέγει,</span> <span class='ocrx_word' id='word_1_13' title='bbox 521 1367 543 1401; x_wconf 89' lang='grc'><strong>“</strong></span> <span class='ocrx_word' id='word_1_14' title='bbox 554 1356 606 1435; x_wconf 84' lang='grc' dir='ltr'>ὅτι</span> <span class='ocrx_word' id='word_1_15' title='bbox 645 1358 707 1435; x_wconf 83' lang='grc' dir='ltr'>οὐκ</span> <span class='ocrx_word' id='word_1_16' title='bbox 750 1354 865 1454; x_wconf 79' lang='grc' dir='ltr'>ἦλθον</span> <span class='ocrx_word' id='word_1_17' title='bbox 910 1358 1061 1437; x_wconf 88' lang='grc' dir='ltr'>καλέσαι</span> <span class='ocrx_word' id='word_1_18' title='bbox 1108 1360 1274 1455; x_wconf 81' lang='grc' dir='ltr'><em>δικαίους,</em></span> <span class='ocrx_word' id='word_1_19' title='bbox 1318 1355 1419 1436; x_wconf 77' lang='grc' dir='ltr'>ἀλλὰ</span> 
     </span>
     <span class='ocr_line' id='line_1_4' title="bbox 373 1482 1417 1586; baseline 0.006 -26"><span class='ocrx_word' id='word_1_20' title='bbox 373 1494 396 1530; x_wconf 91' lang='lat'>“</span> <span class='ocrx_word' id='word_1_21' title='bbox 413 1482 682 1586; x_wconf 80' lang='grc' dir='ltr'>ἁμαρτωλούς.”</span> <span class='ocrx_word' id='word_1_22' title='bbox 740 1491 859 1565; x_wconf 87' lang='grc' dir='ltr'>Τοῦτο</span> <span class='ocrx_word' id='word_1_23' title='bbox 886 1484 991 1585; x_wconf 86' lang='grc' dir='ltr'>λέγει,</span> <span class='ocrx_word' id='word_1_24' title='bbox 1012 1485 1064 1565; x_wconf 81' lang='grc' dir='ltr'>ὅτι</span> <span class='ocrx_word' id='word_1_25' title='bbox 1084 1490 1137 1564; x_wconf 87' lang='grc' dir='ltr'>δεῖ</span> <span class='ocrx_word' id='word_1_26' title='bbox 1151 1484 1233 1571; x_wconf 77' lang='grc' dir='ltr'>τοὺς</span> <span class='ocrx_word' id='word_1_27' title='bbox 1252 1489 1417 1568; x_wconf 82' lang='grc' dir='ltr'>ἀπολλυ·</span> 
     </span>
     <span class='ocr_line' id='line_1_5' title="bbox 376 1610 1416 1719; baseline 0.005 -30"><span class='ocrx_word' id='word_1_28' title='bbox 376 1611 501 1709; x_wconf 83' lang='grc' dir='ltr'>με’νους</span> <span class='ocrx_word' id='word_1_29' title='bbox 529 1610 665 1711; x_wconf 81' lang='grc' dir='ltr'>σώζειν.</span> <span class='ocrx_word' id='word_1_30' title='bbox 724 1611 859 1692; x_wconf 84' lang='grc' dir='ltr'>Ἐκεῖνο</span> <span class='ocrx_word' id='word_1_31' title='bbox 884 1611 956 1717; x_wconf 82' lang='grc' dir='ltr'>γοῖρ</span> <span class='ocrx_word' id='word_1_32' title='bbox 977 1614 1074 1719; x_wconf 78' lang='grc' dir='ltr'>ε’στιν</span> <span class='ocrx_word' id='word_1_33' title='bbox 1092 1614 1185 1715; x_wconf 85' lang='grc' dir='ltr'>μέγα</span> <span class='ocrx_word' id='word_1_34' title='bbox 1203 1618 1261 1693; x_wconf 79' lang='grc' dir='ltr'>καὶ</span> <span class='ocrx_word' id='word_1_35' title='bbox 1278 1620 1416 1712; x_wconf 88' lang='grc' dir='ltr'>θαυμα-</span> 
     </span>
     <span class='ocr_line' id='line_1_6' title="bbox 378 1737 1452 1843; baseline 0.001 -23"><span class='ocrx_word' id='word_1_36' title='bbox 378 1737 482 1834; x_wconf 84' lang='grc' dir='ltr'>στόν,</span> <span class='ocrx_word' id='word_1_37' title='bbox 510 1741 550 1818; x_wconf 79' lang='grc' dir='ltr'>οὐ</span> <span class='ocrx_word' id='word_1_38' title='bbox 577 1738 622 1819; x_wconf 81' lang='grc' dir='ltr'>τὰ</span> <span class='ocrx_word' id='word_1_39' title='bbox 649 1741 788 1819; x_wconf 82' lang='grc' dir='ltr'>ἑστῶτα</span> <span class='ocrx_word' id='word_1_40' title='bbox 813 1738 997 1843; x_wconf 80' lang='grc' dir='ltr'>στηρίζειν,</span> <span class='ocrx_word' id='word_1_41' title='bbox 1024 1740 1124 1820; x_wconf 79' lang='grc' dir='ltr'>ἀλλὰ</span> <span class='ocrx_word' id='word_1_42' title='bbox 1153 1742 1199 1821; x_wconf 86' lang='grc' dir='ltr'>τὰ</span> <span class='ocrx_word' id='word_1_43' title='bbox 1229 1743 1452 1836; x_wconf 82' lang='grc' dir='ltr'>πίπτοντα·5</span> 
     </span>
     <span class='ocr_line' id='line_1_7' title="bbox 379 1867 1421 1971; baseline 0 -23"><span class='ocrx_word' id='word_1_44' title='bbox 379 1871 489 1952; x_wconf 82' lang='grc' dir='ltr'>οὕτως</span> <span class='ocrx_word' id='word_1_45' title='bbox 516 1870 573 1946; x_wconf 80' lang='grc' dir='ltr'>καὶ</span> <span class='ocrx_word' id='word_1_46' title='bbox 601 1871 620 1947; x_wconf 88' lang='grc' dir='ltr'>ὁ</span> <span class='ocrx_word' id='word_1_47' title='bbox 648 1867 807 1971; x_wconf 82' lang='grc' dir='ltr'>Χριστὸς</span> <span class='ocrx_word' id='word_1_48' title='bbox 832 1868 1011 1969; x_wconf 83' lang='grc' dir='ltr'>ἠθέλησεν</span> <span class='ocrx_word' id='word_1_49' title='bbox 1033 1876 1155 1949; x_wconf 85' lang='grc' dir='ltr'>σῶσαι</span> <span class='ocrx_word' id='word_1_50' title='bbox 1183 1868 1229 1950; x_wconf 79' lang='grc' dir='ltr'>τὰ</span> <span class='ocrx_word' id='word_1_51' title='bbox 1256 1868 1421 1950; x_wconf 81' lang='grc' dir='ltr'>ἀπολλύ-</span> 
     </span>
     <span class='ocr_line' id='line_1_8' title="bbox 377 1995 1421 2095; baseline 0.009 -22"><span class='ocrx_word' id='word_1_52' title='bbox 377 2029 474 2094; x_wconf 92' lang='grc' dir='ltr'>μενα,</span> <span class='ocrx_word' id='word_1_53' title='bbox 494 1999 550 2073; x_wconf 78' lang='grc' dir='ltr'>καὶ</span> <span class='ocrx_word' id='word_1_54' title='bbox 577 1995 715 2074; x_wconf 81' lang='grc' dir='ltr'>ἔσωσεν</span> <span class='ocrx_word' id='word_1_55' title='bbox 733 1995 906 2091; x_wconf 80' lang='grc' dir='ltr'>πολλούς,</span> <span class='ocrx_word' id='word_1_56' title='bbox 924 1995 1039 2075; x_wconf 80' lang='grc' dir='ltr'>ἐλθὼν</span> <span class='ocrx_word' id='word_1_57' title='bbox 1059 2000 1116 2075; x_wconf 85' lang='grc' dir='ltr'>καὶ</span> <span class='ocrx_word' id='word_1_58' title='bbox 1143 1995 1301 2081; x_wconf 75' lang='grc' dir='ltr'>καλέσας</span> <span class='ocrx_word' id='word_1_59' title='bbox 1328 1997 1421 2095; x_wconf 74' lang='grc' dir='ltr'>ἡμᾶς</span> 
     </span>
     <span class='ocr_line' id='line_1_9' title="bbox 378 2122 750 2223; baseline 0.005 -22"><span class='ocrx_word' id='word_1_60' title='bbox 378 2123 444 2223; x_wconf 80' lang='grc' dir='ltr'>ἤδη</span> <span class='ocrx_word' id='word_1_61' title='bbox 472 2122 750 2222; x_wconf 78' lang='grc' dir='ltr'>ἀπολλυμένους.</span> 
     </span>
     <span class='ocr_line' id='line_1_10' title="bbox 207 2247 1421 2350; baseline -0.002 -20"><span class='ocrx_word' id='word_1_62' title='bbox 207 2274 321 2322; x_wconf 74' lang='lat' dir='ltr'><strong>Christus</strong></span> <span class='ocrx_word' id='word_1_63' title='bbox 434 2247 487 2331; x_wconf 79' lang='lat' dir='ltr'>P&#39;.</span> <span class='ocrx_word' id='word_1_64' title='bbox 529 2257 716 2331; x_wconf 80' lang='grc' dir='ltr'>Τοσοῦτον</span> <span class='ocrx_word' id='word_1_65' title='bbox 747 2251 809 2329; x_wconf 80' lang='grc' dir='ltr'>οὖν</span> <span class='ocrx_word' id='word_1_66' title='bbox 840 2249 937 2335; x_wconf 76' lang='grc' dir='ltr'>ἔλεος</span> <span class='ocrx_word' id='word_1_67' title='bbox 974 2251 1191 2350; x_wconf 83' lang='grc' dir='ltr'>ποιήσαντος</span> <span class='ocrx_word' id='word_1_68' title='bbox 1227 2253 1336 2330; x_wconf 83' lang='grc' dir='ltr'>αὐτοῦ</span> <span class='ocrx_word' id='word_1_69' title='bbox 1372 2255 1421 2336; x_wconf 85' lang='grc' dir='ltr'>εῖς</span> 
     </span>
     <span class='ocr_line' id='line_1_11' title="bbox 207 2355 1477 2484; baseline 0.005 -30"><span class='ocrx_word' id='word_1_70' title='bbox 207 2355 360 2454; x_wconf 48' lang='lat' dir='ltr'>westm-</span> <span class='ocrx_word' id='word_1_71' title='bbox 377 2380 479 2479; x_wconf 84' lang='grc' dir='ltr'>ἡμᾶς,</span> <span class='ocrx_word' id='word_1_72' title='bbox 507 2377 737 2484; x_wconf 70' lang='grc' dir='ltr'>πρῶτονμὲν</span> <span class='ocrx_word' id='word_1_73' title='bbox 766 2378 819 2458; x_wconf 83' lang='grc' dir='ltr'>ὅτι</span> <span class='ocrx_word' id='word_1_74' title='bbox 848 2380 944 2477; x_wconf 80' lang='grc' dir='ltr'>ἡμεῖς</span> <span class='ocrx_word' id='word_1_75' title='bbox 972 2383 1004 2458; x_wconf 88' lang='grc' dir='ltr'>οῖ</span> <span class='ocrx_word' id='word_1_76' title='bbox 1033 2377 1155 2480; x_wconf 78' lang='grc' dir='ltr'>ζῶντες</span> <span class='ocrx_word' id='word_1_77' title='bbox 1185 2384 1258 2465; x_wconf 91' lang='grc' dir='ltr'>τοῖς</span> <span class='ocrx_word' id='word_1_78' title='bbox 1286 2384 1422 2481; x_wconf 79' lang='grc' dir='ltr'>νεκροῖς</span> <span class='ocrx_word' id='word_1_79' title='bbox 1439 2422 1477 2460; x_wconf 82' lang='grc' dir='ltr'>ιο</span> 
     </span>
     <span class='ocr_line' id='line_1_12' title="bbox 206 2470 1423 2611; baseline 0.002 -26"><span class='ocrx_word' id='word_1_80' title='bbox 206 2470 349 2585; x_wconf 42' lang='lat' dir='ltr'>emm</span> <span class='ocrx_word' id='word_1_81' title='bbox 378 2515 468 2593; x_wconf 90' lang='grc' dir='ltr'>θεοῖς</span> <span class='ocrx_word' id='word_1_82' title='bbox 492 2511 533 2587; x_wconf 83' lang='grc' dir='ltr'>οὐ</span> <span class='ocrx_word' id='word_1_83' title='bbox 559 2507 696 2605; x_wconf 81' lang='grc' dir='ltr'>θύομεν,</span> <span class='ocrx_word' id='word_1_84' title='bbox 725 2510 782 2586; x_wconf 81' lang='grc' dir='ltr'>καὶ</span> <span class='ocrx_word' id='word_1_85' title='bbox 805 2509 846 2586; x_wconf 79' lang='grc' dir='ltr'>οὐ</span> <span class='ocrx_word' id='word_1_86' title='bbox 870 2515 1138 2611; x_wconf 83' lang='grc' dir='ltr'>προσκυνοῦμεν</span> <span class='ocrx_word' id='word_1_87' title='bbox 1164 2508 1295 2601; x_wconf 85' lang='grc' dir='ltr'>αὐτοῖς,</span> <span class='ocrx_word' id='word_1_88' title='bbox 1319 2505 1423 2587; x_wconf 81' lang='grc' dir='ltr'>ἀλλὰ</span> 
     </span>
     <span class='ocr_line' id='line_1_13' title="bbox 206 2607 1422 2738; baseline 0.004 -22"><span class='ocrx_word' id='word_1_89' title='bbox 206 2607 310 2716; x_wconf 53' lang='lat' dir='ltr'>{m</span> <span class='ocrx_word' id='word_1_90' title='bbox 378 2636 532 2735; x_wconf 76' lang='grc' dir='ltr'>ἔγνωμεν</span> <span class='ocrx_word' id='word_1_91' title='bbox 561 2637 602 2714; x_wconf 90' lang='grc' dir='ltr'>δι’</span> <span class='ocrx_word' id='word_1_92' title='bbox 632 2637 740 2716; x_wconf 77' lang='grc' dir='ltr'>αὐτοῦ</span> <span class='ocrx_word' id='word_1_93' title='bbox 767 2636 830 2715; x_wconf 86' lang='grc' dir='ltr'>τὸν</span> <span class='ocrx_word' id='word_1_94' title='bbox 853 2636 998 2738; x_wconf 84' lang='grc' dir='ltr'>Πατέρα</span> <span class='ocrx_word' id='word_1_95' title='bbox 1025 2639 1088 2734; x_wconf 77' lang='grc' dir='ltr'>τῆς</span> <span class='ocrx_word' id='word_1_96' title='bbox 1116 2636 1294 2733; x_wconf 85' lang='grc' dir='ltr'>ἀληθείας,</span> <span class='ocrx_word' id='word_1_97' title='bbox 1320 2633 1374 2720; x_wconf 80' lang='grc' dir='ltr'>τίς</span> <span class='ocrx_word' id='word_1_98' title='bbox 1399 2635 1422 2733; x_wconf 80' lang='grc' dir='ltr'><em>ἦ</em></span> 
     </span>
     <span class='ocr_line' id='line_1_14' title="bbox 206 2732 1420 2867; baseline -0.005 -20"><span class='ocrx_word' id='word_1_99' title='bbox 206 2732 338 2847; x_wconf 43' lang='grc' dir='ltr'>ῖθῖλδοῖῖ.</span> <span class='ocrx_word' id='word_1_100' title='bbox 377 2770 513 2864; x_wconf 82' lang='grc' dir='ltr'>γνῶσις</span> <span class='ocrx_word' id='word_1_101' title='bbox 531 2764 553 2861; x_wconf 83' lang='grc' dir='ltr'><strong><em>ἡ</em></strong></span> <span class='ocrx_word' id='word_1_102' title='bbox 572 2762 662 2867; x_wconf 77' lang='grc' dir='ltr'>πρὸς</span> <span class='ocrx_word' id='word_1_103' title='bbox 680 2760 797 2860; x_wconf 83' lang='grc' dir='ltr'>αὐτόν,</span> <span class='ocrx_word' id='word_1_104' title='bbox 816 2759 838 2860; x_wconf 83' lang='grc' dir='ltr'>ἢ</span> <span class='ocrx_word' id='word_1_105' title='bbox 857 2762 898 2841; x_wconf 83' lang='grc' dir='ltr'>τὸ</span> <span class='ocrx_word' id='word_1_106' title='bbox 916 2759 965 2861; x_wconf 81' lang='grc' dir='ltr'>μὴ</span> <span class='ocrx_word' id='word_1_107' title='bbox 985 2764 1166 2865; x_wconf 82' lang='grc' dir='ltr'>ἀρνεῖσθαι</span> <span class='ocrx_word' id='word_1_108' title='bbox 1189 2762 1230 2838; x_wconf 90' lang='grc' dir='ltr'>δι’</span> <span class='ocrx_word' id='word_1_109' title='bbox 1250 2761 1291 2840; x_wconf 79' lang='grc' dir='ltr'>οὗ</span> <span class='ocrx_word' id='word_1_110' title='bbox 1308 2761 1420 2862; x_wconf 83' lang='grc' dir='ltr'>έγνω·</span> 
     </span>
     <span class='ocr_line' id='line_1_15' title="bbox 377 2886 1423 2991; baseline 0 -23"><span class='ocrx_word' id='word_1_111' title='bbox 377 2924 441 2986; x_wconf 87' lang='grc' dir='ltr'>μεν</span> <span class='ocrx_word' id='word_1_112' title='bbox 459 2891 589 2985; x_wconf 75' lang='grc' dir='ltr'>αὐτόνς</span> <span class='ocrx_word' id='word_1_113' title='bbox 625 2891 728 2991; x_wconf 86' lang='grc' dir='ltr'>Λέγει</span> <span class='ocrx_word' id='word_1_114' title='bbox 746 2890 783 2968; x_wconf 77' lang='grc' dir='ltr'>δέ</span> <span class='ocrx_word' id='word_1_115' title='bbox 801 2892 859 2968; x_wconf 79' lang='grc' dir='ltr'>καὶ</span> <span class='ocrx_word' id='word_1_116' title='bbox 880 2886 994 2985; x_wconf 82' lang='grc' dir='ltr'>αὐτός,</span> <span class='ocrx_word' id='word_1_117' title='bbox 1012 2900 1033 2937; x_wconf 90' lang='lat'>“</span> <span class='ocrx_word' id='word_1_118' title='bbox 1047 2888 1123 2969; x_wconf 84' lang='grc' dir='ltr'>Τδν</span> <span class='ocrx_word' id='word_1_119' title='bbox 1141 2887 1423 2990; x_wconf 75' lang='grc' dir='ltr'>ὁμολογήσαντά</span> 
     </span>
     <span class='ocr_line' id='line_1_16' title="bbox 380 3014 1479 3121; baseline 0.001 -24"><span class='ocrx_word' id='word_1_120' title='bbox 380 3031 400 3066; x_wconf 86' lang='grc'><strong>“</strong></span> <span class='ocrx_word' id='word_1_121' title='bbox 418 3054 461 3117; x_wconf 91' lang='grc' dir='ltr'>με</span> <span class='ocrx_word' id='word_1_122' title='bbox 478 3019 625 3100; x_wconf 76' lang='grc' dir='ltr'>ε’νοίπιον</span> <span class='ocrx_word' id='word_1_123' title='bbox 643 3025 716 3098; x_wconf 84' lang='grc' dir='ltr'>τῶν</span> <span class='ocrx_word' id='word_1_124' title='bbox 734 3017 946 3121; x_wconf 81' lang='grc' dir='ltr'>ἀνθρώπων,</span> <span class='ocrx_word' id='word_1_125' title='bbox 967 3016 1187 3119; x_wconf 73' lang='grc' dir='ltr'>ὁμολογήσω</span> <span class='ocrx_word' id='word_1_126' title='bbox 1207 3014 1315 3098; x_wconf 73' lang='grc' dir='ltr'>αὐτὸν</span> <span class='ocrx_word' id='word_1_127' title='bbox 1332 3016 1420 3096; x_wconf 77' lang='grc' dir='ltr'>ε’νοῖ·</span> <span class='ocrx_word' id='word_1_128' title='bbox 1441 3055 1479 3114; x_wconf 88' lang='lat'>15</span> 
     </span>
     <span class='ocr_line' id='line_1_17' title="bbox 207 3143 1424 3250; baseline 0.004 -30"><span class='ocrx_word' id='word_1_129' title='bbox 207 3175 351 3236; x_wconf 69' lang='lat' dir='ltr'>Agnoseen-</span> <span class='ocrx_word' id='word_1_130' title='bbox 379 3158 400 3193; x_wconf 92' lang='lat'><strong>“</strong></span> <span class='ocrx_word' id='word_1_131' title='bbox 418 3182 500 3226; x_wconf 91' lang='grc' dir='ltr'>πιον</span> <span class='ocrx_word' id='word_1_132' title='bbox 518 3155 581 3226; x_wconf 85' lang='grc' dir='ltr'>τοῦ</span> <span class='ocrx_word' id='word_1_133' title='bbox 603 3143 745 3250; x_wconf 87' lang='grc' dir='ltr'>Πατρός</span> <span class='ocrx_word' id='word_1_134' title='bbox 764 3146 869 3244; x_wconf 88' lang='grc' dir='ltr'>μου.”</span> <span class='ocrx_word' id='word_1_135' title='bbox 922 3144 1040 3229; x_wconf 82' lang='grc' dir='ltr'>Οὗτος</span> <span class='ocrx_word' id='word_1_136' title='bbox 1060 3146 1122 3224; x_wconf 82' lang='grc' dir='ltr'>οὖν</span> <span class='ocrx_word' id='word_1_137' title='bbox 1138 3146 1237 3224; x_wconf 81' lang='grc' dir='ltr'>ἐστὶν</span> <span class='ocrx_word' id='word_1_138' title='bbox 1255 3147 1274 3224; x_wconf 85' lang='grc' dir='ltr'>ὁ</span> <span class='ocrx_word' id='word_1_139' title='bbox 1291 3145 1424 3244; x_wconf 86' lang='grc' dir='ltr'>μισθὸς</span> 
     </span>
     <span class='ocr_line' id='line_1_18' title="bbox 208 3239 1365 3310; baseline 0.003 -23"><span class='ocrx_word' id='word_1_140' title='bbox 208 3239 684 3310; x_wconf 62' lang='grc' dir='ltr'>ἀυοοτςοα,,,,,,,</span> <span class='ocrx_word' id='word_1_141' title='bbox 821 3271 831 3299; x_wconf 74' lang='grc'>,</span> <span class='ocrx_word' id='word_1_142' title='bbox 1010 3271 1179 3307; x_wconf 57' lang='lat'>’2⁹‘</span> <span class='ocrx_word' id='word_1_143' title='bbox 1354 3273 1365 3299; x_wconf 90' lang='lat'>,</span> 
     </span>
     <span class='ocr_line' id='line_1_19' title="bbox 208 3275 1424 3374; baseline -0.002 -21"><span class='ocrx_word' id='word_1_144' title='bbox 208 3305 286 3364; x_wconf 74' lang='lat' dir='ltr'>nobis,</span> <span class='ocrx_word' id='word_1_145' title='bbox 378 3309 490 3374; x_wconf 91' lang='grc' dir='ltr'>ημων,</span> <span class='ocrx_word' id='word_1_146' title='bbox 510 3309 571 3352; x_wconf 92' lang='grc' dir='ltr'>εαν</span> <span class='ocrx_word' id='word_1_147' title='bbox 590 3309 652 3353; x_wconf 94' lang='grc' dir='ltr'>ουν</span> <span class='ocrx_word' id='word_1_148' title='bbox 670 3284 955 3374; x_wconf 85' lang='grc' dir='ltr'>ομολογησωμεν</span> <span class='ocrx_word' id='word_1_149' title='bbox 977 3275 1009 3351; x_wconf 94' lang='grc' dir='ltr'>δι</span> <span class='ocrx_word' id='word_1_150' title='bbox 1040 3308 1081 3351; x_wconf 96' lang='grc' dir='ltr'>ου</span> <span class='ocrx_word' id='word_1_151' title='bbox 1108 3278 1300 3370; x_wconf 82' lang='grc' dir='ltr'>εσωθημεν.</span> <span class='ocrx_word' id='word_1_152' title='bbox 1369 3280 1424 3354; x_wconf 86' lang='grc' dir='ltr'>Εν</span> 
     </span>
     <span class='ocr_line' id='line_1_20' title="bbox 377 3397 1422 3506; baseline -0.004 -24"><span class='ocrx_word' id='word_1_153' title='bbox 377 3404 444 3482; x_wconf 90' lang='grc' dir='ltr'>τίνι</span> <span class='ocrx_word' id='word_1_154' title='bbox 471 3401 508 3480; x_wconf 80' lang='grc' dir='ltr'>δὲ</span> <span class='ocrx_word' id='word_1_155' title='bbox 532 3401 639 3482; x_wconf 78' lang='grc' dir='ltr'>αὐτὸν</span> <span class='ocrx_word' id='word_1_156' title='bbox 665 3405 933 3501; x_wconf 86' lang='grc' dir='ltr'>ὁμολογοῦμεν;</span> <span class='ocrx_word' id='word_1_157' title='bbox 963 3401 1029 3479; x_wconf 89' lang='grc' dir='ltr'>Ἐν</span> <span class='ocrx_word' id='word_1_158' title='bbox 1051 3403 1102 3506; x_wconf 75' lang='grc' dir='ltr'>τῷ</span> <span class='ocrx_word' id='word_1_159' title='bbox 1130 3406 1239 3479; x_wconf 85' lang='grc' dir='ltr'>ποιεῖν</span> <span class='ocrx_word' id='word_1_160' title='bbox 1267 3397 1291 3478; x_wconf 79' lang='grc' dir='ltr'>ἃ</span> <span class='ocrx_word' id='word_1_161' title='bbox 1313 3399 1422 3502; x_wconf 83' lang='grc' dir='ltr'>λέγει,</span> 
     </span>
     <span class='ocr_line' id='line_1_21' title="bbox 378 3524 1423 3631; baseline -0.003 -21"><span class='ocrx_word' id='word_1_162' title='bbox 378 3535 434 3610; x_wconf 82' lang='grc' dir='ltr'>καὶ</span> <span class='ocrx_word' id='word_1_163' title='bbox 452 3529 502 3629; x_wconf 79' lang='grc' dir='ltr'>μὴ</span> <span class='ocrx_word' id='word_1_164' title='bbox 520 3529 731 3631; x_wconf 81' lang='grc' dir='ltr'>παρακούειν</span> <span class='ocrx_word' id='word_1_165' title='bbox 749 3531 858 3608; x_wconf 84' lang='grc' dir='ltr'>αὐτοῦ</span> <span class='ocrx_word' id='word_1_166' title='bbox 875 3534 947 3607; x_wconf 81' lang='grc' dir='ltr'>τῶν</span> <span class='ocrx_word' id='word_1_167' title='bbox 965 3529 1132 3623; x_wconf 82' lang='grc' dir='ltr'>ἐντολῶν,</span> <span class='ocrx_word' id='word_1_168' title='bbox 1154 3529 1211 3605; x_wconf 77' lang='grc' dir='ltr'>καὶ</span> <span class='ocrx_word' id='word_1_169' title='bbox 1238 3524 1287 3626; x_wconf 81' lang='grc' dir='ltr'>μὴ</span> <span class='ocrx_word' id='word_1_170' title='bbox 1311 3526 1423 3626; x_wconf 79' lang='grc' dir='ltr'>μόνον</span> 
     </span>
    </p>
   </div>
   <div class='ocr_carea' id='block_1_3' title="bbox 377 3652 1480 3763">
    <p class='ocr_par' dir='ltr' id='par_1_3' title="bbox 377 3652 1480 3763">
     <span class='ocr_line' id='line_1_22' title="bbox 377 3652 1480 3763; baseline 0.007 -29"><span class='ocrx_word' id='word_1_171' title='bbox 377 3659 534 3763; x_wconf 82' lang='grc' dir='ltr'>χείλεσιν</span> <span class='ocrx_word' id='word_1_172' title='bbox 555 3655 662 3736; x_wconf 81' lang='grc' dir='ltr'>αὐτὸν</span> <span class='ocrx_word' id='word_1_173' title='bbox 684 3660 798 3763; x_wconf 77' lang='grc' dir='ltr'>τιμᾷν,</span> <span class='ocrx_word' id='word_1_174' title='bbox 819 3656 903 3734; x_wconf 86' lang='grc' dir='ltr'>ἀλλ’</span> <span class='ocrx_word' id='word_1_175' title='bbox 923 3652 967 3758; x_wconf 82' lang='grc' dir='ltr'>ἐξ</span> <span class='ocrx_word' id='word_1_176' title='bbox 994 3655 1082 3753; x_wconf 83' lang='grc' dir='ltr'>ὅλης</span> <span class='ocrx_word' id='word_1_177' title='bbox 1109 3654 1266 3757; x_wconf 84' lang='grc' dir='ltr'>καρδίας,</span> <span class='ocrx_word' id='word_1_178' title='bbox 1294 3658 1351 3734; x_wconf 77' lang='grc' dir='ltr'>καί</span> <span class='ocrx_word' id='word_1_179' title='bbox 1379 3655 1426 3760; x_wconf 76' lang='grc' dir='ltr'>ἐξ</span> <span class='ocrx_word' id='word_1_180' title='bbox 1440 3703 1480 3743; x_wconf 84' lang='lat'>20</span> 
     </span>
    </p>
   </div>
   <div class='ocr_carea' id='block_1_4' title="bbox 378 3779 1423 3888">
    <p class='ocr_par' dir='ltr' id='par_1_4' title="bbox 378 3779 1423 3888">
     <span class='ocr_line' id='line_1_23' title="bbox 378 3779 1423 3888; baseline 0.002 -25"><span class='ocrx_word' id='word_1_181' title='bbox 378 3785 467 3882; x_wconf 83' lang='grc' dir='ltr'>ὅλης</span> <span class='ocrx_word' id='word_1_182' title='bbox 487 3789 550 3882; x_wconf 72' lang='grc' dir='ltr'>τῆς</span> <span class='ocrx_word' id='word_1_183' title='bbox 568 3785 732 3867; x_wconf 85' lang='grc' dir='ltr'>διανοίας.</span> <span class='ocrx_word' id='word_1_184' title='bbox 792 3783 898 3884; x_wconf 85' lang='grc' dir='ltr'>Λέγει</span> <span class='ocrx_word' id='word_1_185' title='bbox 917 3779 952 3861; x_wconf 73' lang='grc' dir='ltr'>δέ</span> <span class='ocrx_word' id='word_1_186' title='bbox 971 3786 1028 3860; x_wconf 84' lang='grc' dir='ltr'>καὶ</span> <span class='ocrx_word' id='word_1_187' title='bbox 1046 3784 1082 3860; x_wconf 83' lang='grc' dir='ltr'>ἐν</span> <span class='ocrx_word' id='word_1_188' title='bbox 1101 3786 1151 3888; x_wconf 74' lang='grc' dir='ltr'>τῷ</span> <span class='ocrx_word' id='word_1_189' title='bbox 1169 3781 1318 3888; x_wconf 69' lang='grc' dir='ltr'>Ἠσαῖιρ,</span> <span class='ocrx_word' id='word_1_190' title='bbox 1339 3785 1423 3865; x_wconf 78' lang='grc' dir='ltr'>“Ὀ</span> 
     </span>
    </p>
   </div>
   <div class='ocr_carea' id='block_1_5' title="bbox 376 4034 1423 5253">
    <p class='ocr_par' dir='ltr' id='par_1_5' title="bbox 376 4034 1423 5253">
     <span class='ocr_line' id='line_1_24' title="bbox 377 4034 1423 4112; baseline 0.003 -22"><span class='ocrx_word' id='word_1_191' title='bbox 377 4042 449 4105; x_wconf 79' lang='lat' dir='ltr'><strong>tum,</strong></span> <span class='ocrx_word' id='word_1_192' title='bbox 465 4034 639 4110; x_wconf 80' lang='lat' dir='ltr'>patefactum</span> <span class='ocrx_word' id='word_1_193' title='bbox 661 4044 734 4092; x_wconf 82' lang='lat' dir='ltr'>esset</span> <span class='ocrx_word' id='word_1_194' title='bbox 755 4034 790 4091; x_wconf 77' lang='lat' dir='ltr'>ad</span> <span class='ocrx_word' id='word_1_195' title='bbox 812 4035 877 4092; x_wconf 87' lang='lat' dir='ltr'>obe·</span> <span class='ocrx_word' id='word_1_196' title='bbox 918 4034 1034 4111; x_wconf 84' lang='lat' dir='ltr'>ingenio</span> <span class='ocrx_word' id='word_1_197' title='bbox 1055 4034 1178 4112; x_wconf 83' lang='lat' dir='ltr'>refingit,</span> <span class='ocrx_word' id='word_1_198' title='bbox 1193 4039 1244 4109; x_wconf 79' lang='grc' dir='ltr'>πρὸ</span> <span class='ocrx_word' id='word_1_199' title='bbox 1263 4039 1365 4092; x_wconf 76' lang='grc' dir='ltr'>πάντων</span> <span class='ocrx_word' id='word_1_200' title='bbox 1381 4040 1423 4094; x_wconf 77' lang='grc' dir='ltr'>εὖ·</span> 
     </span>
     <span class='ocr_line' id='line_1_25' title="bbox 378 4114 1331 4193; baseline 0.002 -22"><span class='ocrx_word' id='word_1_201' title='bbox 378 4114 515 4172; x_wconf 80' lang='lat' dir='ltr'>dientiam</span> <span class='ocrx_word' id='word_1_202' title='bbox 530 4114 595 4172; x_wconf 84' lang='lat' dir='ltr'>fidei</span> <span class='ocrx_word' id='word_1_203' title='bbox 609 4115 644 4171; x_wconf 78' lang='grc' dir='ltr'>ιἰο</span> <span class='ocrx_word' id='word_1_204' title='bbox 657 4116 766 4172; x_wconf 68' lang='lat' dir='ltr'><em>cunctis</em></span> <span class='ocrx_word' id='word_1_205' title='bbox 784 4116 875 4190; x_wconf 64' lang='grc' dir='ltr'>ρειαί·</span> <span class='ocrx_word' id='word_1_206' title='bbox 917 4123 1080 4188; x_wconf 86' lang='grc' dir='ltr'>χαριστῶμεν</span> <span class='ocrx_word' id='word_1_207' title='bbox 1092 4120 1159 4193; x_wconf 79' lang='grc' dir='ltr'>αὐτῷ</span> <span class='ocrx_word' id='word_1_208' title='bbox 1173 4118 1221 4183; x_wconf 84' lang='grc' dir='ltr'>ὅτι,</span> <span class='ocrx_word' id='word_1_209' title='bbox 1236 4141 1260 4174; x_wconf 85' lang='grc' dir='ltr'>κ.</span> <span class='ocrx_word' id='word_1_210' title='bbox 1271 4141 1294 4173; x_wconf 89' lang='grc' dir='ltr'>τ.</span> <span class='ocrx_word' id='word_1_211' title='bbox 1306 4123 1331 4173; x_wconf 87' lang='grc' dir='ltr'>λ.</span> 
     </span>
     <span class='ocr_line' id='line_1_26' title="bbox 378 4194 1422 4279; baseline 0.006 -27"><span class='ocrx_word' id='word_1_212' title='bbox 378 4195 454 4253; x_wconf 69' lang='lat' dir='ltr'>bus?</span> <span class='ocrx_word' id='word_1_213' title='bbox 487 4194 548 4276; x_wconf 84' lang='lat' dir='ltr'>[xvi</span> <span class='ocrx_word' id='word_1_214' title='bbox 580 4210 624 4269; x_wconf 86' lang='lat'>25,</span> <span class='ocrx_word' id='word_1_215' title='bbox 655 4198 715 4271; x_wconf 86' lang='lat'><strong>26.]</strong></span> <span class='ocrx_word' id='word_1_216' title='bbox 768 4197 877 4255; x_wconf 85' lang='lat' dir='ltr'>Eodem</span> <span class='ocrx_word' id='word_1_217' title='bbox 964 4216 1007 4254; x_wconf 88' lang='lat'>11.</span> <span class='ocrx_word' id='word_1_218' title='bbox 1023 4204 1213 4270; x_wconf 82' lang='grc' dir='ltr'>προσκυνοῦμεν</span> <span class='ocrx_word' id='word_1_219' title='bbox 1226 4195 1332 4279; x_wconf 82' lang='grc' dir='ltr'>αιἰτοῖς,]</span> <span class='ocrx_word' id='word_1_220' title='bbox 1345 4197 1422 4257; x_wconf 79' lang='lat' dir='ltr'>Cum</span> 
     </span>
     <span class='ocr_line' id='line_1_27' title="bbox 379 4277 1423 4355; baseline 0.005 -22"><span class='ocrx_word' id='word_1_221' title='bbox 379 4277 511 4354; x_wconf 83' lang='lat' dir='ltr'>loquendi</span> <span class='ocrx_word' id='word_1_222' title='bbox 539 4297 641 4354; x_wconf 78' lang='lat' dir='ltr'>genere</span> <span class='ocrx_word' id='word_1_223' title='bbox 669 4278 736 4335; x_wconf 81' lang='lat' dir='ltr'>alibi</span> <span class='ocrx_word' id='word_1_224' title='bbox 765 4299 877 4355; x_wconf 86' lang='lat' dir='ltr'>quoque</span> <span class='ocrx_word' id='word_1_225' title='bbox 918 4277 1016 4336; x_wconf 81' lang='lat' dir='ltr'><strong>dativo</strong></span> <span class='ocrx_word' id='word_1_226' title='bbox 1055 4279 1231 4337; x_wconf 80' lang='lat' dir='ltr'>construitur</span> <span class='ocrx_word' id='word_1_227' title='bbox 1268 4287 1423 4353; x_wconf 69' lang='grc' dir='ltr'>προσκυνεῖν</span> 
     </span>
     <span class='ocr_line' id='line_1_28' title="bbox 378 4359 1421 4440; baseline 0.005 -25"><span class='ocrx_word' id='word_1_228' title='bbox 378 4360 471 4417; x_wconf 84' lang='lat' dir='ltr'>utitur</span> <span class='ocrx_word' id='word_1_229' title='bbox 491 4360 567 4417; x_wconf 84' lang='lat' dir='ltr'>idem</span> <span class='ocrx_word' id='word_1_230' title='bbox 582 4359 745 4436; x_wconf 71' lang='lat' dir='ltr'><strong>ApostoluS,</strong></span> <span class='ocrx_word' id='word_1_231' title='bbox 765 4361 801 4416; x_wconf 80' lang='lat' dir='ltr'>ad</span> <span class='ocrx_word' id='word_1_232' title='bbox 824 4361 877 4417; x_wconf 86' lang='lat' dir='ltr'>Co·</span> <span class='ocrx_word' id='word_1_233' title='bbox 918 4360 995 4435; x_wconf 85' lang='lat' dir='ltr'><strong>apud</strong></span> <span class='ocrx_word' id='word_1_234' title='bbox 1015 4360 1129 4418; x_wconf 80' lang='lat' dir='ltr'>serioris</span> <span class='ocrx_word' id='word_1_235' title='bbox 1154 4360 1310 4418; x_wconf 76' lang='lat' dir='ltr'>Graecismi</span> <span class='ocrx_word' id='word_1_236' title='bbox 1331 4362 1421 4440; x_wconf 77' lang='lat' dir='ltr'>serip-</span> 
     </span>
     <span class='ocr_line' id='line_1_29' title="bbox 378 4441 1420 4522; baseline 0.004 -25"><span class='ocrx_word' id='word_1_237' title='bbox 378 4441 441 4498; x_wconf 79' lang='lat' dir='ltr'>loss.</span> <span class='ocrx_word' id='word_1_238' title='bbox 469 4442 477 4498; x_wconf 89' lang='lat' dir='ltr'>i</span> <span class='ocrx_word' id='word_1_239' title='bbox 504 4445 611 4513; x_wconf 84' lang='lat'><strong>6—20,</strong></span> <span class='ocrx_word' id='word_1_240' title='bbox 637 4442 652 4498; x_wconf 93' lang='lat' dir='ltr'>I</span> <span class='ocrx_word' id='word_1_241' title='bbox 674 4441 744 4498; x_wconf 72' lang='lat' dir='ltr'>Tim</span> <span class='ocrx_word' id='word_1_242' title='bbox 774 4442 806 4498; x_wconf 89' lang='lat' dir='ltr'>iii</span> <span class='ocrx_word' id='word_1_243' title='bbox 833 4443 875 4498; x_wconf 85' lang='lat'>16.</span> <span class='ocrx_word' id='word_1_244' title='bbox 919 4449 1002 4498; x_wconf 77' lang='lat' dir='ltr'>tores.</span> <span class='ocrx_word' id='word_1_245' title='bbox 1049 4442 1172 4500; x_wconf 84' lang='lat' dir='ltr'>Lobeck.</span> <span class='ocrx_word' id='word_1_246' title='bbox 1204 4442 1355 4518; x_wconf 74' lang='lat' dir='ltr'><strong>Phrynich</strong></span> <span class='ocrx_word' id='word_1_247' title='bbox 1389 4464 1420 4522; x_wconf 87' lang='lat' dir='ltr'>p.</span> 
     </span>
     <span class='ocr_line' id='line_1_30' title="bbox 379 4521 1386 4600; baseline 0.004 -22"><span class='ocrx_word' id='word_1_248' title='bbox 379 4523 582 4580; x_wconf 78' lang='lat' dir='ltr'><strong>GALLAND.</strong></span> <span class='ocrx_word' id='word_1_249' title='bbox 598 4524 626 4579; x_wconf 85' lang='lat' dir='ltr'>in</span> <span class='ocrx_word' id='word_1_250' title='bbox 639 4523 749 4600; x_wconf 85' lang='lat' dir='ltr'>Proleg.</span> <span class='ocrx_word' id='word_1_251' title='bbox 762 4544 787 4599; x_wconf 85' lang='lat' dir='ltr'>p.</span> <span class='ocrx_word' id='word_1_252' title='bbox 798 4523 876 4580; x_wconf 86' lang='lat' dir='ltr'><strong>xviii.</strong></span> <span class='ocrx_word' id='word_1_253' title='bbox 920 4524 986 4596; x_wconf 84' lang='lat'>463.</span> <span class='ocrx_word' id='word_1_254' title='bbox 1031 4521 1075 4580; x_wconf 79' lang='lat' dir='ltr'>Of.</span> <span class='ocrx_word' id='word_1_255' title='bbox 1092 4523 1177 4582; x_wconf 81' lang='lat' dir='ltr'><strong>Mart.</strong></span> <span class='ocrx_word' id='word_1_256' title='bbox 1194 4524 1288 4600; x_wconf 86' lang='lat' dir='ltr'>Polye.</span> <span class='ocrx_word' id='word_1_257' title='bbox 1305 4523 1321 4600; x_wconf 58' lang='grc' dir='ltr'><strong><em>ᾖ</em></strong></span> <span class='ocrx_word' id='word_1_258' title='bbox 1339 4543 1386 4582; x_wconf 82' lang='lat'>12.</span> 
     </span>
     <span class='ocr_line' id='line_1_31' title="bbox 421 4602 1416 4688; baseline 0.003 -29"><span class='ocrx_word' id='word_1_259' title='bbox 421 4624 444 4659; x_wconf 80' lang='grc' dir='ltr'>ο.</span> <span class='ocrx_word' id='word_1_260' title='bbox 461 4607 529 4660; x_wconf 83' lang='grc' dir='ltr'>ἀλλὰ</span> <span class='ocrx_word' id='word_1_261' title='bbox 543 4602 729 4685; x_wconf 70' lang='grc' dir='ltr'>ἁμαρτωλούς]</span> <span class='ocrx_word' id='word_1_262' title='bbox 746 4605 782 4661; x_wconf 90' lang='lat' dir='ltr'>In</span> <span class='ocrx_word' id='word_1_263' title='bbox 792 4604 878 4662; x_wconf 86' lang='lat' dir='ltr'>Novo</span> <span class='ocrx_word' id='word_1_264' title='bbox 964 4623 1006 4660; x_wconf 87' lang='lat'>12.</span> <span class='ocrx_word' id='word_1_265' title='bbox 1023 4608 1061 4662; x_wconf 82' lang='grc' dir='ltr'>τίς</span> <span class='ocrx_word' id='word_1_266' title='bbox 1075 4607 1089 4675; x_wconf 78' lang='grc' dir='ltr'><em>ἡ</em></span> <span class='ocrx_word' id='word_1_267' title='bbox 1103 4612 1198 4678; x_wconf 77' lang='grc' dir='ltr'>γνῶσις</span> <span class='ocrx_word' id='word_1_268' title='bbox 1211 4608 1225 4675; x_wconf 71' lang='grc' dir='ltr'><em>ἡ</em></span> <span class='ocrx_word' id='word_1_269' title='bbox 1239 4608 1303 4678; x_wconf 82' lang='grc' dir='ltr'>πρὸς</span> <span class='ocrx_word' id='word_1_270' title='bbox 1316 4603 1416 4688; x_wconf 54' lang='grc' dir='ltr'>παθη]</span> 
     </span>
     <span class='ocr_line' id='line_1_32' title="bbox 377 4684 1422 4762; baseline 0.006 -21"><span class='ocrx_word' id='word_1_271' title='bbox 377 4685 559 4743; x_wconf 78' lang='lat' dir='ltr'>Testamento</span> <span class='ocrx_word' id='word_1_272' title='bbox 573 4693 639 4762; x_wconf 82' lang='lat' dir='ltr'><strong>post</strong></span> <span class='ocrx_word' id='word_1_273' title='bbox 653 4688 816 4758; x_wconf 76' lang='grc' dir='ltr'>ἁμαρτωλούς</span> <span class='ocrx_word' id='word_1_274' title='bbox 837 4687 875 4743; x_wconf 86' lang='lat' dir='ltr'>le·</span> <span class='ocrx_word' id='word_1_275' title='bbox 919 4684 1102 4756; x_wconf 85' lang='lat' dir='ltr'>Vendelinus,</span> <span class='ocrx_word' id='word_1_276' title='bbox 1123 4687 1274 4758; x_wconf 70' lang='lat' dir='ltr'>Quaewm</span> <span class='ocrx_word' id='word_1_277' title='bbox 1294 4688 1349 4745; x_wconf 69' lang='grc' dir='ltr'>στίν</span> <span class='ocrx_word' id='word_1_278' title='bbox 1368 4709 1422 4747; x_wconf 80' lang='grc' dir='ltr'>αο-</span> 
     </span>
     <span class='ocr_line' id='line_1_33' title="bbox 376 4766 1422 4844; baseline 0.007 -22"><span class='ocrx_word' id='word_1_279' title='bbox 376 4766 470 4840; x_wconf 82' lang='lat' dir='ltr'>gimus</span> <span class='ocrx_word' id='word_1_280' title='bbox 481 4771 517 4825; x_wconf 78' lang='grc' dir='ltr'>εἷς</span> <span class='ocrx_word' id='word_1_281' title='bbox 530 4773 660 4836; x_wconf 75' lang='grc' dir='ltr'>μετάνοιαν</span> <span class='ocrx_word' id='word_1_282' title='bbox 670 4767 699 4823; x_wconf 88' lang='lat' dir='ltr'>in</span> <span class='ocrx_word' id='word_1_283' title='bbox 714 4767 780 4825; x_wconf 92' lang='lat' dir='ltr'><strong>libb.</strong></span> <span class='ocrx_word' id='word_1_284' title='bbox 792 4767 875 4844; x_wconf 87' lang='lat' dir='ltr'><strong>impr.</strong></span> <span class='ocrx_word' id='word_1_285' title='bbox 917 4775 979 4822; x_wconf 73' lang='lat' dir='ltr'>stra</span> <span class='ocrx_word' id='word_1_286' title='bbox 993 4768 1171 4843; x_wconf 77' lang='grc' dir='ltr'>οτραίριιαα</span> <span class='ocrx_word' id='word_1_287' title='bbox 1186 4768 1324 4843; x_wconf 67' lang='lat' dir='ltr'>equitio?</span> <span class='ocrx_word' id='word_1_288' title='bbox 1361 4768 1422 4829; x_wconf 84' lang='lat' dir='ltr'>Hie</span> 
     </span>
     <span class='ocr_line' id='line_1_34' title="bbox 376 4846 1422 4929; baseline 0.007 -26"><span class='ocrx_word' id='word_1_289' title='bbox 376 4847 426 4904; x_wconf 79' lang='lat' dir='ltr'>sed</span> <span class='ocrx_word' id='word_1_290' title='bbox 448 4849 537 4906; x_wconf 87' lang='lat' dir='ltr'><strong>Codd.</strong></span> <span class='ocrx_word' id='word_1_291' title='bbox 557 4848 641 4906; x_wconf 83' lang='lat' dir='ltr'>MSS.</span> <span class='ocrx_word' id='word_1_292' title='bbox 663 4849 788 4925; x_wconf 77' lang='lat' dir='ltr'>optimae</span> <span class='ocrx_word' id='word_1_293' title='bbox 810 4849 877 4907; x_wconf 89' lang='lat' dir='ltr'>fidei</span> <span class='ocrx_word' id='word_1_294' title='bbox 918 4846 996 4905; x_wconf 82' lang='lat' dir='ltr'>loeus</span> <span class='ocrx_word' id='word_1_295' title='bbox 1019 4868 1055 4905; x_wconf 85' lang='lat' dir='ltr'>ex</span> <span class='ocrx_word' id='word_1_296' title='bbox 1078 4848 1114 4906; x_wconf 83' lang='lat' dir='ltr'>iis</span> <span class='ocrx_word' id='word_1_297' title='bbox 1136 4848 1257 4907; x_wconf 78' lang='lat' dir='ltr'>forsitan</span> <span class='ocrx_word' id='word_1_298' title='bbox 1276 4858 1329 4923; x_wconf 76' lang='lat' dir='ltr'>est,</span> <span class='ocrx_word' id='word_1_299' title='bbox 1346 4871 1422 4929; x_wconf 76' lang='lat' dir='ltr'><strong>quos</strong></span> 
     </span>
     <span class='ocr_line' id='line_1_35' title="bbox 377 4928 1422 5006; baseline 0.007 -21"><span class='ocrx_word' id='word_1_300' title='bbox 377 4948 434 4986; x_wconf 92' lang='lat' dir='ltr'>non</span> <span class='ocrx_word' id='word_1_301' title='bbox 456 4950 489 4987; x_wconf 85' lang='lat' dir='ltr'>ea</span> <span class='ocrx_word' id='word_1_302' title='bbox 511 4937 676 5006; x_wconf 79' lang='lat' dir='ltr'><strong>agnoscunt.</strong></span> <span class='ocrx_word' id='word_1_303' title='bbox 694 4930 873 4988; x_wconf 82' lang='lat' dir='ltr'>WOTTON.</span> <span class='ocrx_word' id='word_1_304' title='bbox 916 4928 971 4986; x_wconf 77' lang='lat' dir='ltr'>sibi</span> <span class='ocrx_word' id='word_1_305' title='bbox 985 4949 1042 4986; x_wconf 90' lang='lat' dir='ltr'>non</span> <span class='ocrx_word' id='word_1_306' title='bbox 1057 4929 1126 4987; x_wconf 78' lang='lat' dir='ltr'>setis</span> <span class='ocrx_word' id='word_1_307' title='bbox 1139 4929 1289 4988; x_wconf 74' lang='lat' dir='ltr'>cohaerere</span> <span class='ocrx_word' id='word_1_308' title='bbox 1307 4932 1422 4992; x_wconf 74' lang='lat' dir='ltr'>censuit</span> 
     </span>
     <span class='ocr_line' id='line_1_36' title="bbox 376 5009 1419 5091; baseline 0.007 -26"><span class='ocrx_word' id='word_1_309' title='bbox 376 5009 463 5085; x_wconf 83' lang='lat' dir='ltr'>Apud</span> <span class='ocrx_word' id='word_1_310' title='bbox 496 5012 523 5068; x_wconf 78' lang='lat' dir='ltr'>S.</span> <span class='ocrx_word' id='word_1_311' title='bbox 552 5011 731 5069; x_wconf 78' lang='lat' dir='ltr'>Matthaeum</span> <span class='ocrx_word' id='word_1_312' title='bbox 760 5012 875 5083; x_wconf 83' lang='lat' dir='ltr'>scilicet,</span> <span class='ocrx_word' id='word_1_313' title='bbox 917 5009 1044 5069; x_wconf 83' lang='lat' dir='ltr'>Photius.</span> <span class='ocrx_word' id='word_1_314' title='bbox 1088 5011 1118 5070; x_wconf 78' lang='lat' dir='ltr'>si</span> <span class='ocrx_word' id='word_1_315' title='bbox 1133 5019 1198 5088; x_wconf 80' lang='lat' dir='ltr'>post</span> <span class='ocrx_word' id='word_1_316' title='bbox 1212 5013 1254 5069; x_wconf 79' lang='lat' dir='ltr'>ad</span> <span class='ocrx_word' id='word_1_317' title='bbox 1270 5031 1337 5071; x_wconf 72' lang='lat' dir='ltr'>eum</span> <span class='ocrx_word' id='word_1_318' title='bbox 1350 5034 1419 5091; x_wconf 82' lang='lat' dir='ltr'>sup·</span> 
     </span>
     <span class='ocr_line' id='line_1_37' title="bbox 376 5091 1421 5171; baseline 0.005 -23"><span class='ocrx_word' id='word_1_319' title='bbox 376 5092 451 5166; x_wconf 85' lang='lat' dir='ltr'><strong>apud</strong></span> <span class='ocrx_word' id='word_1_320' title='bbox 467 5092 496 5149; x_wconf 85' lang='lat' dir='ltr'>S.</span> <span class='ocrx_word' id='word_1_321' title='bbox 513 5091 618 5149; x_wconf 84' lang='lat' dir='ltr'><strong>Lucam</strong></span> <span class='ocrx_word' id='word_1_322' title='bbox 634 5113 691 5149; x_wconf 88' lang='lat' dir='ltr'>non</span> <span class='ocrx_word' id='word_1_323' title='bbox 705 5094 781 5150; x_wconf 82' lang='lat' dir='ltr'>item.</span> <span class='ocrx_word' id='word_1_324' title='bbox 917 5091 1030 5168; x_wconf 81' lang='lat' dir='ltr'>pleatur</span> <span class='ocrx_word' id='word_1_325' title='bbox 1053 5093 1211 5168; x_wconf 75' lang='lat' dir='ltr'>perducem</span> <span class='ocrx_word' id='word_1_326' title='bbox 1232 5101 1283 5152; x_wconf 75' lang='lat' dir='ltr'>aut</span> <span class='ocrx_word' id='word_1_327' title='bbox 1305 5095 1421 5171; x_wconf 73' lang='lat' dir='ltr'>pertiu—</span> 
     </span>
     <span class='ocr_line' id='line_1_38' title="bbox 421 5171 1421 5253; baseline 0.006 -24"><span class='ocrx_word' id='word_1_328' title='bbox 421 5192 464 5230; x_wconf 90' lang='lat'>10.</span> <span class='ocrx_word' id='word_1_329' title='bbox 481 5178 637 5246; x_wconf 69' lang='grc' dir='ltr'>πρῶτονμὲν</span> <span class='ocrx_word' id='word_1_330' title='bbox 650 5171 700 5253; x_wconf 79' lang='grc' dir='ltr'>ὅτι]</span> <span class='ocrx_word' id='word_1_331' title='bbox 715 5174 828 5232; x_wconf 83' lang='lat' dir='ltr'>Boisius</span> <span class='ocrx_word' id='word_1_332' title='bbox 840 5195 875 5233; x_wconf 84' lang='lat' dir='ltr'>ex</span> <span class='ocrx_word' id='word_1_333' title='bbox 915 5193 991 5248; x_wconf 71' lang='grc' dir='ltr'>ραις,</span> <span class='ocrx_word' id='word_1_334' title='bbox 1006 5174 1118 5251; x_wconf 75' lang='lat' dir='ltr'>integre</span> <span class='ocrx_word' id='word_1_335' title='bbox 1132 5174 1187 5233; x_wconf 82' lang='lat' dir='ltr'>erit</span> <span class='ocrx_word' id='word_1_336' title='bbox 1201 5175 1363 5249; x_wconf 52' lang='lat' dir='ltr'>sementim</span> <span class='ocrx_word' id='word_1_337' title='bbox 1385 5196 1421 5235; x_wconf 75' lang='grc' dir='ltr'>ιο</span> 
     </span>
    </p>
   </div>
   <div class='ocr_carea' id='block_1_6' title="bbox 0 0 1630 6613">
    <p class='ocr_par' dir='ltr' id='par_1_6' title="bbox 0 0 1630 6613">
     <span class='ocr_line' id='line_1_39' title="bbox 0 0 1630 6613; baseline 0 0"><span class='ocrx_word' id='word_1_338' title='bbox 0 0 1630 6613; x_wconf 95' lang='lat' dir='ltr'> </span> 
     </span>
    </p>
   </div>
  </div>
 </body>
</html>
