3250 6617
358 1093 402 1155 22
725 1089 758 1153 S.
783 1089 1040 1153 CLEMENTIS

359 1261 560 1367 προσώπου
576 1263 702 1342 Ἠσαῦ
719 1270 784 1342 τοῦ
802 1263 964 1367 ἀδελφοῦ
982 1265 1101 1343 αὐτοῦ.
1150 1267 1270 1362 Ζῆλος
1287 1267 1411 1365 ε’ποίη-

361 1424 427 1470 σεν
444 1389 585 1499 Ἰωσὴφ
604 1387 708 1497 μέχρι
724 1390 879 1470 θανάτου
896 1395 1098 1496 διωχθῆναι,
1119 1391 1299 1498 καὶμέχρι
1321 1395 1408 1473 δου-

361 1520 458 1605 λείας
485 1524 669 1601 εἰσελθεῖν.
724 1522 846 1617 Ζῆλος
874 1525 1000 1623 φυγεῖν
1027 1517 1209 1621 ἠνάγκασε
1238 1523 1412 1620 Μωῦοῆν

361 1644 433 1729 οἱπδ
460 1645 661 1750 προσώπου
689 1643 823 1751 Φαραώ
852 1643 1035 1741 βασιλέως
1063 1646 1261 1749 Αἰγύπτου,
1290 1650 1329 1727 ε’ν
1356 1653 1411 1756 τῷ

362 1775 513 1854 ἀκοῦσαι
530 1772 638 1855 αὐτὸν
655 1772 727 1854 ἀπὸ
745 1782 810 1854 τοῦ
828 1772 1029 1877 ὁμοφύλου,
1052 1786 1072 1822 “
1086 1773 1152 1860 Τίς
1168 1808 1213 1854 σε
1231 1773 1407 1876 κατέστη-
1424 1803 1444 1862 5

363 1913 385 1950 “
402 1935 468 1981 σεν
494 1898 617 2005 κριτὴν
640 1899 663 2001 ῆ
691 1899 865 2000 δικαστῆν
890 1900 945 2006 ἐφ’
964 1901 1086 2000 ἡμῶν,
1123 1900 1173 2001 μῆ
1201 1905 1336 1982 ἀνελεῖν
1364 1938 1411 2003 με

364 2042 385 2078 “
402 2028 453 2110 σὺ
469 2029 590 2126 θέλεις,
609 2029 650 2110 δν
667 2029 801 2133 τρόπον
814 2032 951 2115 ἀνεῖλες
968 2030 1067 2136 ε’χθὲς
1083 2030 1147 2110 τὸν
1165 2030 1366 2133 Αἰγύπτιον
1373 2031 1408 2130 ;”

364 2155 437 2237 Διὰ
455 2155 568 2259 finos·
583 2154 727 2262 Ἀαρών
745 2160 802 2235 καὶ
824 2154 976 2260 Μαριὰμ
998 2154 1068 2260 ἔξω
1089 2160 1153 2257 τῆς
1173 2162 1411 2262 παρεμβολῆς

363 2287 605 2385 ηὐλίσθησαν.
666 2288 787 2384 Ζῆλος
820 2282 948 2363 Δαθὰν
980 2288 1039 2364 καὶ
1068 2284 1246 2390 Ἀβειρδιν
1274 2282 1410 2387 ζῶντας

363 2412 564 2516 κατήγαγεν
586 2417 635 2498 εῖς
661 2409 760 2520 ᾅδου,
789 2411 847 2490 διὰ
870 2408 912 2491 τδ
936 2408 1137 2492 στασιάσαι
1161 2409 1287 2498 αι’ποῖις
1315 2412 1410 2518 πρδς
1426 2457 1466 2497 10

362 2539 427 2622 τδν
444 2539 642 2645 θεράποντα
658 2548 723 2620 τοῦ
742 2545 837 2620 Θεοῦ
856 2543 1033 2638 Μωϋοῆν.
1064 2538 1137 2619 Διὰ
1157 2538 1268 2642 ζῆλος
1285 2545 1412 2637 Δαβὶδ

363 2667 499 2775 φθόνον
515 2669 635 2774 ἔσχεν,
657 2670 699 2747 οὐ
722 2664 833 2767 μόνον
858 2664 926 2748 ὑπὸ
950 2673 1022 2746 τῶν
1046 2666 1286 2771 ἀλλοφύλων,
1306 2668 1411 2749 ἀλλὰ

363 2801 420 2877 καὶ
439 2795 508 2879 ὑπὸ
527 2795 650 2879 Σαοὺλ
667 2796 851 2892 βασιλέως
867 2793 1021 2898 Ἰσραὴλ
1038 2795 1197 2902 ἐδιώχθη.

368 3071 428 3140 54,
452 3074 482 3127 et
509 3067 566 3125 duo
593 3066 624 3123 in
649 3067 709 3137 §6.
758 3069 865 3140 τὸγὰρ
907 3064 1085 3124 Clementem
1093 3065 1338 3127 Judaeumfirissn
1358 3066 1409 3127 Ad

365 3153 449 3222 (ntor,
484 3150 577 3226 Ignet.
611 3147 648 3205 nd
682 3147 767 3205 null.
797 3152 811 3218 §
837 3167 863 3218 4.
906 3167 1037 3205 normam
1059 3147 1094 3205 D.
1118 3147 1199 3205 Pauli
1224 3148 1351 3227 loquitur
1373 3149 1406 3209 B.

367 3230 506 3289 Similiter
526 3229 607 3287 LXX
633 3229 744 3306 saepius
765 3229 866 3287 dicunt
908 3228 1001 3301 Pater,
1023 3229 1105 3287 Rom
1121 3228 1161 3302 ix,
1178 3231 1266 3303 6-8,
1287 3230 1351 3290 Gn
1368 3232 1408 3306 vi,

364 3317 395 3368 τὸ
427 3315 507 3384 ἔλεος,
541 3310 687 3369 interdum
720 3317 818 3368 tamen
852 3316 866 3366 ό
911 3312 1014 3382 15,16.
1038 3310 1085 3368 Its
1099 3310 1272 3388 Theophilus
1284 3332 1409 3390 quoquo,

364 3396 445 3465 ἕλεος,
464 3393 508 3452 uti
528 3401 558 3451 et
571 3392 655 3451 Matt.
671 3392 702 3448 ix
715 3410 759 3465 13,
781 3391 822 3448 xii
838 3405 865 3464 7,
907 3412 964 3449 non
984 3392 1021 3449 nb
1034 3390 1191 3450 Abrahnmi
1207 3393 1296 3470 stirpe
1316 3401 1408 3467 ortus

367 3475 438 3532 xxiii
458 3495 504 3549 23,
525 3474 581 3532 Tit.
596 3474 628 3530 iii
643 3486 671 3546 5,
688 3473 762 3530 Heb.
779 3472 864 3530 iv16.
906 3473 943 3530 od
972 3472 1155 3550 Autolycum,
1181 3474 1231 3531 III
1260 3475 1275 3552 ξ
1300 3493 1347 3549 23,
1375 3479 1410 3533 τὸ

366 3556 471 3614 Forma
483 3555 638 3613 masculina
652 3554 776 3612 occurrit
790 3553 866 3630 apud
906 3558 1039 3628 γράμματα
1056 3562 1102 3611 τοῦ
1121 3557 1189 3611 θείου
1207 3561 1292 3626 νόμον,
1306 3563 1353 3612 τοῦ
1366 3559 1410 3614 διὰ

366 3637 492 3714 Thnoyti
514 3637 546 3694 iii
568 3656 615 3708 40,
652 3635 770 3694 Aristot.
798 3634 864 3694 Eth.
908 3639 1023 3695 Μωσέως
1045 3637 1103 3707 ἡμῖν
1126 3639 1267 3708 δεδομένου.
1321 3638 1408 3715 §24‚

366 3719 387 3776 ἰὶ
402 3734 429 3792 5,
449 3727 479 3778 et
500 3718 648 3777 Demosth.
672 3737 692 3776 (ι
719 3716 866 3788 Meidiam,
906 3719 1023 3791 Ἀβραὰμ
1046 3723 1061 3773 δ
1086 3722 1244 3793 πατριάρχης
1269 3720 1348 3791 ἡμῶν.
1392 3722 1408 3796 §

368 3805 453 3876 §54
502 3800 634 3858 Aliorum
662 3798 867 3856 vocabulorum
910 3811 944 3871 οη
948 3841 1047 3863 .....
1063 3800 1411 3875 Ἀβροὰμςοῦσροσάτορος

365 3882 554 3939 masculinum
582 3889 611 3939 et
638 3887 773 3938 neutrum
800 3899 866 3957 pro·
907 3880 983 3951 ἡμῶν.
1027 3880 1109 3956 594,
1137 3884 1220 3948 Δσβὶδ
1242 3886 1257 3938 ὁ
1283 3886 1412 3958 πρόγονος

365 3963 473 4021 misene
486 3963 516 4021 in
529 3982 584 4021 usu
598 3969 687 4033 erant,
702 3981 725 4020 e.
735 3982 762 4038 g.
779 3965 867 4032 σολος,
908 3962 984 4032 ἡμῶν.

366 4045 432 4102 Vid.
445 4044 538 4102 Pauw.
554 4044 591 4102 ad
606 4043 761 4120 Hephaest.
779 4062 806 4119 p.
821 4061 868 4117 99,
954 4061 977 4100 1.
1031 4047 1112 4113 Ζῆλος
1151 4045 1271 4114 ἐποίησεν
1309 4044 1412 4120 Ἰωσὴφ

366 4127 475 4199 σκύφος,
490 4129 559 4199 ὄχος,
573 4126 661 4199 ῥύπος,
675 4130 713 4191 τό,
729 4123 867 4199 Hippocr.
909 4146 931 4181 κ.
947 4148 969 4181 τ.
985 4120 1026 4203 λ]
1052 4123 1129 4181 Male
1155 4123 1210 4182 hoo
1236 4124 1267 4182 in
1293 4124 1357 4184 loeo
1380 4146 1413 4186 ss

367 4206 453 4285 Greg.
465 4207 535 4264 st.
546 4226 589 4284 ap.
602 4204 699 4281 Steph.
711 4204 754 4263 ed.
765 4204 867 4281 Valpy.
909 4203 996 4263 hebet
1009 4205 1028 4263 J
1030 4204 1090 4262 unii
1108 4205 1202 4264 versio
1219 4205 1414 4267 aemulatimoe

366 4292 396 4345 τὸ
415 4290 505 4363 ῥύπον,
526 4289 638 4359 Suidas,
659 4294 689 4344 et
713 4291 812 4358 σκότος,
833 4287 869 4344 de
900 4285 1019 4360 sactum
1032 4287 1415 4363 eethoseplrodmomm

366 4389 424 4447 quo
454 4370 538 4447 plnrn
572 4369 652 4426 dabit
680 4367 802 4424 Pierson.
832 4368 869 4425 sd
909 4387 997 4442 αοητιι
1017 4368 1052 4425 in
1069 4369 1263 4444 persecutione
1285 4369 1414 4443 nm;

368 4451 506 4510 Moeridis
534 4450 667 4509 Lexioon.
690 4469 716 4525 p.
735 4462 801 4522 355.
824 4456 870 4505 τοῦ
909 4450 1101 4508 contrariatur
1135 4449 1211 4509 enim
1246 4458 1310 4510 tum
1344 4451 1415 4512 fidei

366 4539 474 4593 σκότους
504 4533 611 4610 legitur
641 4531 717 4607 opud
746 4530 867 4587 Barnsb.
909 4529 1069 4602 historicae,
1088 4541 1151 4590 tum
1172 4532 1301 4592 idiomati
1322 4532 1415 4593 Grae·

368 4614 419 4691 Ep.
441 4615 474 4691 ἕξ
491 4634 535 4686 14,
553 4616 597 4684 18,
620 4612 655 4670 D.
674 4612 748 4670 Petr.
769 4611 784 4667 1
805 4611 825 4667 ii
842 4631 869 4685 9,
909 4631 958 4668 eae
993 4611 1126 4688 linguae:
1163 4620 1278 4672 tontum
1309 4614 1415 4690 abfuit,

368 4696 403 4754 D.
427 4695 504 4753 Paul.
528 4695 588 4754 Col.
614 4695 624 4751 i
651 4713 694 4767 13,
732 4692 865 4750 [These.
908 4694 977 4768 quin
996 4693 1033 4750 ed
1047 4703 1169 4752 mortem
1188 4694 1326 4772 usquein
1345 4716 1414 4774 per-

366 4797 385 4833 v
400 4793 425 4850 5.
470 4777 549 4834 Infrn
571 4783 584 4847 t
607 4795 640 4850 13
667 4775 728 4832 MS.
751 4774 868 4832 exhibet
909 4774 1053 4833 secutione
1078 4775 1194 4846 viveret,
1217 4784 1251 4835 ut
1274 4776 1311 4834 sd
1333 4796 1414 4837 wm-

366 4864 396 4914 τδ
410 4863 498 4931 τῦφος.
909 4876 986 4912 mam
1001 4857 1172 4933 dignitatem
1186 4856 1273 4916 fuerit
1286 4868 1414 4935 evectus,

406 4940 443 4997 ib.
458 4945 472 4994 ό
486 4942 568 5012 πατὴρ
582 4936 662 5017 ἡμῶν]
681 4937 749 4994 Non
764 4957 799 4995 ex
814 4937 868 4994 hoo
909 4945 939 4995 et
982 4945 1096 4997 tontum
1136 4957 1193 4996 non
1234 4940 1414 5001 consortium

366 5021 428 5078 loco
449 5021 538 5091 nobis,
552 5039 616 5077 curn
634 5018 817 5076 Tillonrontio
839 5027 868 5076 et
909 5019 1003 5096 regine
1044 5019 1201 5097 majestatis
1242 5020 1413 5084 obtinuerit.

366 5101 543 5172 Constantio
557 5109 663 5159 temero
677 5099 868 5177 colligendum
910 5100 1031 5160 WOTT.
