3250 6617
403 1060 446 1120 44
777 1057 810 1122 S.
834 1054 1085 1120 CLEMENTIS

403 1233 576 1310 διέσωσεν
612 1230 653 1308 δι’
684 1232 793 1309 αὐτοῦ
825 1233 845 1309 ὁ
875 1228 1067 1329 Δεσπθνης
1090 1227 1136 1306 τὰ
1167 1226 1374 1307 εἰσελθόντα
1410 1229 1447 1304 έν

402 1355 547 1462 ὁμονοίᾳ
563 1353 635 1463 ζῷα
658 1362 707 1442 εἰς
727 1353 793 1455 τὴν
813 1354 977 1452 κιβωτόν.
1182 1458 1184 1462 .

366 1503 371 1516 '
458 1479 498 1563 I'.
530 1483 749 1588 ’ABpadpad
774 1487 883 1591 φίλος
900 1481 1212 1588 προσαγορευθείς,
1231 1479 1361 1568 πιστὸς
1387 1484 1444 1561 εὑ-

401 1609 495 1715 ρέθη,
514 1613 552 1690 έν
570 1615 620 1718 τῷ
639 1610 747 1691 αὐτὸν
766 1610 923 1712 ὐσήκοον
941 1613 1107 1713 γενέσθω
1129 1618 1203 1696 τοῖς
1226 1608 1363 1714 ῥήμασι
1381 1619 1446 1690 τοῦ

402 1746 508 1820 Θεοῦ.
563 1740 682 1824 Οὗτος
700 1740 743 1818 δι’
763 1743 921 1839 ὑπακοῆς
937 1738 1088 1844 ἐξῆλθεν
1104 1741 1142 1818 έκ
1159 1743 1222 1839 τῆς
1241 1741 1309 1838 γῆς
1326 1739 1444 1834 αὐτοῦ,
1458 1761 1477 1821 5

401 1870 459 1946 καὶ
484 1870 521 1947 ἐκ
548 1871 612 1966 τῆς
638 1869 847 1968 συγγενείας
876 1869 994 1965 αὐτοῦ,
1020 1869 1078 1946 καὶ
1104 1870 1144 1947 ἐκ
1170 1875 1233 1948 τοῦ
1261 1865 1357 1946 οἴκου
1380 1874 1445 1947 τοῦ

400 1993 536 2098 πατρὸς
572 1998 692 2093 αὐτοῦ,
725 1995 822 2080 ὅπως
857 2000 927 2096 γῆν
963 1995 1106 2096 ὀλίγην,
1140 1997 1198 2073 καὶ
1234 1992 1446 2094 συγγένειαν

401 2127 545 2222 ἀσθενῆ,
577 2126 634 2202 καὶ
667 2119 763 2203 οἷκον
790 2122 915 2226 μικρὸν
943 2119 1158 2217 καταλιπών,
1188 2118 1444 2225 κληρονομήση

431 2249 441 2278 λ
485 2253 496 2276 2
645 2252 654 2279 Ι
757 2259 773 2276 Α
873 2259 888 2274 Α
1007 2249 1018 2277 Ι
1118 2247 1129 2276 λ
1207 2250 1216 2275 2
1253 2253 1269 2269 Α
1342 2244 1358 2275 U

401 2286 465 2335 τας
478 2261 694 2352 επαγγελιας
711 2285 775 2330 τοο
794 2256 902 2331 Orco.
962 2256 1066 2350 Λεγει
1084 2283 1156 2353 γαρ
1174 2284 1282 2355 αντη),
1306 2259 1333 2295 “
1361 2256 1442 2328 Απ-

403 2389 429 2426 “
447 2385 529 2458 ελθε
551 2381 589 2458 ἐκ
613 2383 677 2479 τῆς
702 2383 770 2479 γης
791 2414 875 2473 σον,
896 2382 954 2457 καὶ
976 2379 1015 2456 έκ
1039 2381 1102 2477 τῆς
1125 2378 1333 2478 συγγενείας
1358 2410 1441 2474 σου,
1461 2417 1496 2454 ιο

401 2518 427 2554 “
448 2512 505 2586 καὶ
532 2510 570 2586 έκ
597 2515 661 2587 τοῦ
690 2505 786 2586 οἷκον
812 2515 875 2586 τοῦ
901 2503 1035 2610 πατρός
1057 2540 1141 2601 σου,
1161 2508 1209 2588 εἷς
1229 2501 1295 2602 τὴν
1312 2506 1382 2604 γῆν
1400 2501 1445 2602 ἣν

400 2646 427 2682 “
447 2634 491 2712 οἶν
509 2670 569 2714 σοι
596 2632 712 2738 δείξω·
744 2638 801 2714 καὶ
829 2632 971 2734 ποιήσω
998 2667 1043 2712 σε
1066 2637 1114 2717 εἰς
1138 2633 1238 2717 ἔθνος
1260 2630 1365 2733 μέγα,
1385 2632 1444 2710 καὶ

402 2773 428 2809 “
448 2761 637 2864 εὐλογήσω
655 2796 708 2859 σε,
727 2765 785 2841 καὶ
802 2767 994 2863 μεγαλννῶ
1012 2762 1053 2841 τὸ
1072 2758 1185 2859 ὄνομά
1203 2795 1284 2850 σου,
1300 2761 1357 2837 καὶ
1375 2758 1444 2863 ἴση

401 2900 428 2936 “
446 2889 695 2991 εὐλογημένος·
726 2892 784 2969 καὶ
801 2886 992 2990 εὐλογήσω
1016 2886 1099 2973 τούς
1121 2884 1358 2989 εὐλογοῦντας
1384 2921 1442 2981 σε,

399 3192 471 3266 nius,
485 3202 515 3253 et
528 3195 649 3253 conferri
667 3195 751 3272 jubet
768 3195 795 3254 S.
812 3196 896 3255 Matt.
941 3195 971 3253 P.
987 3195 1102 3261 Zomio,
1117 3194 1166 3271 qui
1180 3193 1284 3253 dehoc
1299 3193 1362 3251 loco
1377 3192 1443 3251 Dia-

399 3275 450 3332 xix
467 3278 514 3344 28,
529 3276 617 3354 Apoc.
633 3277 692 3334 xxi.
736 3277 855 3355 Ittigius
869 3277 899 3334 in
940 3277 1125 3336 certationem
1151 3275 1323 3353 peculiarem
1346 3273 1443 3346 habet,

399 3357 455 3415 Sel.
478 3357 567 3435 Oapp.
591 3357 667 3418 Hiat.
689 3358 764 3417 Eccl.
784 3359 862 3417 Sacc.
877 3359 898 3425 i,
941 3359 1046 3436 Opust.
1067 3357 1142 3416 Sacr.
1158 3364 1228 3416 tom.
1242 3357 1263 3419 i,
1277 3376 1325 3433 pp.
1342 3376 1443 3430 434—

398 3459 425 3514 p.
442 3440 506 3514 196.
516 3440 579 3499 vult
592 3440 704 3518 generis
717 3440 836 3498 humani
849 3461 901 3517 per
943 3461 1011 3512 444.
1026 3439 1157 3517 inprimis
1175 3439 1245 3497 haec
1258 3437 1366 3496 arridet
1379 3457 1442 3496 een-

398 3519 539 3579 diluvium
578 3522 683 3599 perditi
717 3521 901 3581 instauratio·
940 3522 1040 3583 tentia.
1055 3540 1154 3579 vocem
1169 3524 1352 3594 παλιγγενεσία
1365 3519 1443 3577 idem

398 3621 472 3672 nem,
486 3604 531 3660 vel
550 3604 636 3661 etiam
655 3604 900 3681 regenerationem
940 3601 1099 3680 significare
1120 3601 1197 3679 quod
1217 3601 1283 3658 Act.
1306 3600 1337 3657 iii
1357 3619 1405 3664 οι,
1427 3603 1442 3671 ἡ

398 3683 556 3760 spiritalem
570 3705 622 3761 per
635 3685 842 3762 poenitentiam
857 3685 900 3742 in·
940 3692 991 3741 τῶν
1013 3688 1113 3742 πάντων
1135 3685 1349 3746 ἀποκατάστασις,
1369 3702 1443 3759 quae

397 3765 629 3842 telligi,maxime
638 3787 727 3844 quum
736 3767 772 3825 de
781 3766 900 3825 Noocho
940 3766 1004 3824 aliis
1023 3764 1135 3823 Divinis
1157 3763 1351 3840 Scriptoribus
1374 3765 1444 3822 aovi

397 3845 539 3911 Clemens.
561 3847 618 3924 §7,
640 3848 747 3907 dixerit
767 3857 826 3904 Νῶε
843 3849 898 3919 ἐκίγ-
939 3848 1113 3919 radanem
1126 3856 1225 3919 arrae
1239 3845 1444 3904 velereaturac

395 3931 458 4000 ρυξε
481 3933 620 3998 μετάνοιαν.
661 3929 742 3988 Junii
765 3929 898 4007 explana·
939 3928 1054 3987 nomine
1067 3927 1201 3986 innotuit.
1232 3927 1279 3985 Sic
1292 3926 1351 3985 fere
1366 3927 1442 3985 Her-

396 4009 505 4068 tionem
525 4010 709 4086 amplectitur
727 4010 804 4070 Guil.
826 4012 899 4069 Bur·
940 4010 1119 4087 zogiua‚eine
1132 4007 1445 4083 mardochoeo&

397 4100 490 4149 tonus.
520 4092 654 4170 Ittigium
667 4101 828 4170 aequantur
841 4093 899 4150 Da·
946 4092 1034 4150 Wet:
1065 4091 1220 4163 Ruchatus,
1240 4089 1265 4148 lc
1286 4089 1443 4149 rttadliaae·

396 4172 447 4230 vis.
473 4181 503 4232 et
525 4173 652 4250 Freyiue.
696 4174 899 4251 Regeneratio-
939 4184 1016 4231 ntem
1031 4173 1077 4254 (dc
1093 4173 1124 4230 la
1140 4170 1234 4250 terre).
1275 4169 1397 4228 Wakius
1413 4177 1443 4231 et

397 4273 462 4311 nem
471 4274 544 4331 quac
552 4255 747 4332 perBaptismi
754 4256 899 4313 lavacrum
940 4255 1065 4313 Ohevall.
1080 4252 1284 4330 repereratioa
1300 4251 1443 4326 Graecina,

397 4335 431 4394 fit
444 4344 580 4412 operante
601 4336 713 4413 Spiritu
727 4337 841 4405 Sancto,
856 4337 899 4394 iu·
939 4357 984 4394 αα
1009 4336 1113 4395 recavet
1134 4335 1219 4394 ordre
1247 4333 1297 4393 dea
1320 4336 1443 4410 γόαένα·

396 4416 503 4494 telligit
516 4418 709 4491 Constantius,
723 4425 753 4478 et
768 4418 803 4476 D.
820 4418 898 4478 Petri
940 4418 1033 4488 tima,-
1064 4416 1139 4495 expl.
1165 4417 1218 4493 qui
1243 4435 1264 4473 ο
1291 4418 1340 4487 ete,
1364 4436 1444 4492 poar

397 4498 491 4557 locum
511 4499 644 4564 adfertl
664 4499 695 4557 iii
715 4519 763 4561 20.
785 4500 835 4558 ubi
856 4521 898 4558 re·
939 4499 1020 4557 ainai
1039 4499 1110 4570 dire,
1131 4500 1239 4575 tepere
1258 4495 1349 4556 d’wae
1369 4518 1441 4556 aaa·

396 4582 589 4657 generationis
598 4582 726 4658 ejusdem
736 4582 899 4658 symbolum
939 4581 1195 4656 adremmon.

397 4662 483 4721 suisae
501 4683 596 4721 arcam
614 4683 671 4740 qua
688 4663 753 4722 Noe'
770 4672 899 4722 servatus
985 4682 1007 4720 1.
1024 4666 1051 4719 ἐν
1058 4658 1171 4742 ὁμονοίᾳ]
1183 4660 1442 4719 Haeceotendunt

397 4751 449 4807 eat,
468 4752 590 4803 notatur.
636 4745 680 4802 De
700 4752 779 4803 statu
797 4745 899 4804 mundi
939 4752 972 4803 ut
981 4744 1025 4802 vel
1034 4752 1105 4821 typo
1115 4744 1267 4802 brutorum
1274 4741 1442 4800 animalium

397 4823 463 4882 inde
476 4826 586 4902 elapsu
601 4826 803 4895 deformati,et
817 4827 898 4885 resti·
938 4825 1105 4884 concordiae
1131 4824 1258 4884 studium
1283 4822 1442 4882 Corinthiis

396 4906 508 4964 tutione
521 4927 618 4965 rerum
631 4928 688 4985 qua
703 4909 898 4985 uuusquisque
938 4907 1152 4966 commendaret
1165 4927 1173 4979 ;
1199 4904 1442 4984 quemadmodum

396 4987 550 5045 secundum
578 5009 665 5066 opera
691 5009 742 5047 sua
775 4990 897 5049 retribu-
938 4997 968 5048 et
988 4989 1067 5047 Sacri
1083 4990 1183 5047 crebro
1202 4987 1363 5066 Scriptores
1381 4986 1442 5043 ani-

396 5068 506 5126 tionem
525 5069 564 5128 sit
577 5079 752 5147 accepturus,
767 5070 900 5130 Oleariue
940 5071 1058 5129 molium
1073 5070 1212 5147 exempla,
1226 5070 1323 5140 boum,
1337 5067 1441 5126 ciconi-

397 5150 427 5207 in
451 5149 532 5208 Obas.
558 5151 595 5208 ad
623 5152 650 5210 S.
668 5152 750 5210 Matt.
777 5172 804 5228 p.
831 5168 897 5226 541.
940 5173 1021 5211 arum
1032 5151 1254 5211 &chominibus
1267 5158 1440 5229 proponunt.
