3250 6617
528 1063 586 1127 DE
609 1061 826 1126 nrlsuoua
849 1062 895 1125 II.
1168 1064 1232 1125 2⁶25

187 1222 271 1309 quod
292 1245 313 1287 a
335 1221 444 1287 multis
470 1222 629 1287 evidenter
650 1221 712 1285 fuit
738 1220 917 1306 probatum,
939 1243 1007 1284 eam
1034 1218 1134 1283 multo
1161 1223 1232 1303 post

189 1332 370 1418 apostoliea
393 1339 533 1416 tempora
557 1333 657 1397 lucem
682 1331 805 1397 vidisse.
851 1329 1006 1395 Nonnulli
1030 1350 1104 1393 saue
1134 1329 1167 1391 in
1197 1350 1234 1392 ea

187 1466 295 1509 versus
304 1445 465 1529 leguntur,
474 1452 578 1510 aetate
589 1443 773 1529 posteriores
787 1443 913 1528 scriptis
928 1444 1059 1507 Petrum
1076 1441 1233 1525 Sibyllina

187 1554 322 1621 Oracula
338 1556 526 1622 citantibus:
551 1558 658 1641 quales
675 1558 709 1621 hi
727 1557 800 1634 duo,

274 1740 381 1804 Οὐκέτι
397 1745 452 1822 γὰρ
467 1746 546 1821 παρὰ
561 1749 627 1806 σεῖο
642 1743 675 1805 τὸ
689 1746 740 1821 τῆς
754 1742 989 1822 φιλοθρέμμονος
1004 1743 1076 1820 ὕλης

274 1846 453 1927 Πορθευικοὶ
468 1851 568 1926 κοῦραι
584 1852 640 1926 πῦρ
654 1847 758 1911 ἔνθεον
774 1846 958 1928 εὑρήσουσιν.

186 2014 221 2077 in
243 2013 395 2100 Ῥοψρλίρ
419 2022 536 2093 nostra,
559 2016 614 2079 lib.
642 2039 663 2078 v
688 2023 760 2101 post
783 2016 920 2080 medium
952 2017 1040 2101 [395,
1066 2015 1100 2098 6]
1115 2040 1124 2089 ;
1156 2020 1231 2076 suut

186 2123 272 2189 enim
285 2125 325 2188 de
339 2125 465 2190 incenso
474 2126 590 2191 Vestae
604 2127 722 2211 templo
737 2127 796 2190 sub
810 2127 906 2191 finem
921 2125 1043 2208 imperii
1054 2124 1230 2201 Commodi,

187 2234 377 2319 proindeque
391 2258 488 2319 quum
499 2237 566 2320 jam
582 2236 738 2314 lustinus,
748 2237 978 2319 Athenagoras,
994 2242 1026 2298 et
1041 2234 1230 2318 Theophilus

187 2344 404 2411 Antiochenus
420 2346 577 2432 Sibyllina
598 2347 631 2410 in
653 2346 871 2411 testimonium
892 2369 948 2431 pro
970 2346 1031 2409 fide
1051 2345 1231 2409 Christiana

185 2456 399 2522 advocassent.
458 2459 506 2521 Αο
538 2458 720 2543 Origeniani
756 2458 917 2543 cujusdam
947 2480 1075 2521 manum
1112 2457 1230 2521 redolet

188 2566 277 2631 Iribri
290 2567 314 2630 ii
335 2567 418 2645 finis,
439 2568 527 2654 [33a,
550 2570 611 2653 sq]
638 2569 678 2633 ad
704 2590 795 2653 quem
815 2568 1004 2633 scholiastes
1026 2568 1163 2631 Graecus
1185 2568 1229 2629 sic

184 2680 376 2744 annotabat:

315 2832 409 2915 ψεύδῃ
424 2830 591 2912 προφάνως·
616 2832 683 2894 οὐδὲ
698 2835 756 2912 γὰρ
770 2830 854 2910 λήξει
868 2835 939 2894 ποτὲ

313 2932 347 2995 τὸ
361 2940 417 3011 πῦρ
433 2933 559 3011 κολάζον
574 2936 641 3000 τοὺς
657 2934 925 3015 κατακεκριμένους.

315 3036 394 3116 κάγὼ
408 3040 465 3117 γὰρ
481 3036 518 3098 ἂν
535 3037 647 3114 εὔξαιμι
662 3036 744 3099 τοῦθ’
761 3039 851 3103 οὕτως
865 3037 956 3120 ἔχειν,

311 3139 413 3204 οὐλαῖς
426 3142 581 3219 μεγίσταις
597 3139 782 3218 σφαλμάτων
798 3140 979 3220 ἐστιγμένος,

311 3243 342 3304 αἱ
355 3245 487 3319 μείζονος
502 3239 642 3322 χρῄζουσι
658 3245 888 3321 φιλανθρωπίας.

312 3342 380 3407 ἀλλ’
397 3345 585 3427 αἰσχυνέσθω
600 3350 768 3425 φληναφῶν
781 3345 949 3427 Ὦριγέυης,

310 3448 399 3526 πέρας
412 3449 554 3529 γενέσθαι
568 3454 627 3510 τῶν
643 3447 796 3511 κολάσεων
812 3448 918 3529 λέγων.

183 3608 341 3693 Recteque
364 3608 510 3673 observat
530 3611 584 3693 qui
607 3616 714 3673 nostra
739 3615 841 3673 aetate
864 3608 1014 3693 plurimos
1033 3607 1151 3693 judicio
1174 3631 1225 3671 su-

182 3718 316 3803 peravit,
342 3718 499 3783 Gerardus
522 3719 664 3796 Vossius,
688 3719 726 3783 dc
751 3719 856 3782 Poetis
879 3718 1006 3781 Graccis
1029 3740 1094 3801 cap.
1118 3718 1140 3795 i,
1162 3741 1226 3782 nou

182 3829 341 3894 exstitisse
362 3828 556 3913 temporibus
580 3830 700 3893 Justiui
723 3829 886 3913 Martyris,
901 3827 1036 3905 Tatiani,
1055 3827 1226 3892 Clementis

183 3940 400 4018 Alexandrini,
418 3941 557 4018 Eusebii,
579 3941 772 4027 alienamque
794 3942 975 4019 multorum,
991 3963 1097 4005 versus
1120 3940 1225 4025 Sibyl·

182 4050 265 4117 liuae
275 4051 474 4117 collectionis
489 4052 564 4116 lib.i
582 4054 673 4139 [295]
688 4062 721 4118 et
735 4054 789 4118 lib.
800 4054 835 4117 iii
849 4055 940 4138 [760]
956 4054 994 4117 de
1007 4053 1127 4138 Sibylla
1136 4053 1225 4117 Noae

180 4170 366 4241 coaetanca3
388 4165 641 4250 quandoquidem
664 4189 703 4230 ex
727 4166 850 4230 illorum
870 4167 1000 4230 Patmm
1025 4165 1224 4249 professione,

181 4274 269 4340 nulla
291 4298 308 4339 e
327 4275 456 4361 Sibyllis
476 4277 599 4341 Mosem
621 4276 810 4362 antiquitate
828 4276 994 4360 superavit.
1039 4278 1089 4341 Ex
1111 4277 1224 4361 quibus

180 4386 383 4471 intelligitur,
404 4410 467 4452 nou
492 4411 592 4451 uuum
611 4389 740 4453 Poetam
765 4387 919 4472 Sibyllam
945 4411 978 4451 se
1002 4410 1067 4451 osse
1088 4389 1223 4467 finxisse,

178 4496 235 4563 sed
251 4497 366 4582 plures,
381 4498 503 4579 diverso
518 4505 668 4582 tempore,
683 4520 815 4583 quorum
831 4519 938 4561 versus
960 4496 1104 4582 disjectos
1123 4521 1221 4562 uuum

177 4608 213 4673 in
235 4631 346 4693 eorpus
372 4609 602 4674 consarcinator
623 4610 759 4674 incertus
782 4608 884 4672 multo
902 4615 974 4691 post
991 4608 1121 4672 deustos
1136 4611 1222 4693 Apo·

177 4719 275 4783 stolos
296 4719 499 4803 compegerit.

223 4828 317 4897 Quod
339 4836 445 4895 autem
467 4853 486 4894 a
507 4830 648 4914 pluribus
670 4830 879 4907 existimatur,
906 4830 1006 4914 primo
1036 4829 1157 4894 saeculo
1187 4853 1222 4894 ac

178 4936 331 5022 principio
345 4939 484 5016 secundi,
500 4938 653 5023 Sibyllam
669 4962 689 5002 a
703 4938 891 5003 Cbrhtiauis
908 4937 1117 5021 scriptoribus
1132 4939 1221 5002 citari

179 5047 367 5132 nequivisse,
389 5048 421 5112 id
444 5071 517 5112 vero
539 5071 599 5132 ego
621 5047 752 5126 inficior,
775 5048 947 5112 rationibus
976 5049 1130 5114 adductus
1160 5073 1221 5114 non

177 5159 294 5243 paucis.
341 5159 512 5239 Quoniam,
528 5159 657 5237 scilicet,
672 5160 773 5243 gratis
788 5183 824 5224 ac
841 5161 909 5225 sine
926 5161 1128 5226 hmdameuto
1143 5163 1220 5227 illud

223 5288 294 5334 voa.
311 5290 334 5333 1.
819 5290 879 5355 eg
