3250 6617
407 1058 471 1121 144
771 1059 803 1120 S.
828 1057 1085 1121 cuuMuNms

408 1230 485 1307 ιινδ
589 1258 596 1273 .
673 1231 682 1254 ’
724 1234 735 1262 x
796 1229 805 1255 ν
848 1234 855 1256 ·
982 1237 997 1253 ⁶
1086 1230 1095 1255 ³
1156 1232 1165 1256 ²
1218 1231 1227 1258 ι
1356 1231 1373 1259 ν

447 1265 582 1309 εονται
638 1266 737 1312 αντοι
770 1236 806 1310 δε
837 1265 875 1310 εκ
904 1266 1022 1311 κακων
1053 1265 1118 1310 ουκ
1146 1229 1315 1334 εξαιρετοι
1349 1265 1449 1310 εσον-

409 1371 430 1403 “
450 1358 544 1437 ται.”

466 1483 529 1567 M‘.
559 1484 761 1589 Προδηλων
779 1488 841 1568 οὖν
859 1488 942 1586 ἡμῖν
960 1487 1073 1568 ὄντων
1094 1486 1240 1584 τούτων,
1266 1491 1324 1566 καί
1351 1488 1445 1587 ἐγκε-

409 1614 558 1722 κυφότες
576 1620 623 1699 είς
649 1615 696 1695 τὰ
713 1615 808 1715 βάθη
827 1620 890 1715 τῆς
909 1616 1002 1701 θείας
1018 1615 1198 1718 γνώσεως,
1217 1613 1338 1695 πάντα
1353 1612 1449 1718 τάξει

408 1750 519 1823 ποιεῖν
537 1742 736 1849 ὀφείλομεν,
755 1744 827 1824 ὅσα
845 1747 865 1823 ὁ
884 1742 1075 1843 Δεσπότης
1101 1745 1271 1822 ἐπιτελεῖν
1287 1740 1446 1848 ε’[κελ]εο-
1459 1800 1535 1815 ..-

411 1874 501 1978 [σε]ν
528 1870 618 1951 κατὰ
645 1870 786 1975 καιροὺς
812 1870 1054 1972 τεταγμένους,
1080 1868 1144 1956 τοὶς
1171 1904 1208 1950 τε
1235 1867 1449 1977 προσφορὰς

410 2003 467 2079 καὶ
485 1999 704 2102 λειτουργίας
720 2002 966 2080 ἐπιτελεῖσθαι·
996 2001 1054 2078 καὶ
1075 2001 1138 2078 οὐκ
1157 2002 1229 2097 εἰκῆ
1251 1995 1274 2097 ἢ
1293 1995 1450 2084 ἀτάκτως

409 2126 592 2206 ἐκέλευσεν
638 2129 807 2228 γίνεσθαι,
844 2126 929 2206 ἀλλ’
966 2126 1174 2230 ὡρισμένας
1219 2134 1353 2231 καιροῖς
1394 2133 1449 2205 καὶ

409 2413 435 2461 et
446 2404 543 2480 ipsam
560 2406 674 2481 recipiet
686 2415 826 2464 αηπαόιιιι.
869 2408 908 2462 Α·
948 2403 1217 2463 HoraeCauouicae
1228 2400 1448 2462 SANOROF'I'.

409 2485 496 2561 quila,
519 2494 610 2544 πεινῶν
632 2491 750 2561 φάγεται,
778 2491 854 2545 αὐτὸς
880 2490 908 2543 δὲ
948 2486 1078 2544 Turhant
1091 2485 1152 2544 sine
1172 2504 1276 2561 magna
1296 2504 1389 2556 cam
1403 2482 1449 2559 qui

408 2572 473 2640 πρὸς
486 2569 599 2625 ἐνόπλων
612 2570 755 2642 ἀρθήσεται.
779 2568 908 2645 Synima-
948 2568 994 2626 hic
1015 2567 1084 2644 quid
1108 2574 1252 2625 mutatum
1272 2565 1382 2637 volunt,
1403 2572 1450 2623 aut

408 2647 485 2719 chus,
499 2656 630 2708 πεινῶντες
650 2655 782 2723 φάγονται,
796 2654 868 2706 αὐτοὶ
882 2653 909 2707 δὲ
949 2649 985 2707 ad
1003 2648 1180 2707 Christianos
1199 2647 1269 2706 hcec
1288 2646 1451 2705 immediate

409 2734 473 2801 πρὸς
486 2732 769 2803 ε’νόπλωνᾶρθησονται.
785 2731 906 2790 WOTT.
949 2731 1084 2789 resemnt.
1128 2730 1173 2787 Ex
1200 2728 1257 2788 fine
1283 2726 1369 2805 hujus
1395 2746 1451 2786 wc·

452 2831 477 2883 3.
491 2815 668 2886 ἐγκεκυφότες]
684 2812 815 2871 Clemens
823 2813 906 2871 Alex.
948 2812 1036 2870 tionis
1065 2819 1153 2888 patet,
1181 2810 1346 2869 universum
1379 2808 1452 2867 hune

410 2892 496 2950 hahet
510 2897 751 2967 εἐιικυφότες.αοιι
765 2895 836 2952 adeo
849 2914 909 2953 rec·
949 2912 1109 2952 sermonem
1145 2891 1182 2949 ad
1215 2891 1343 2950 ludaeos
1376 2910 1451 2967 spec-

409 2982 448 3043 te,
462 2975 504 3032 uti
519 2975 632 3033 monuit
645 2975 787 3047 Potterus,
802 2977 907 3034 Strom.
949 2983 1026 3033 tare:
1040 2974 1134 3052 primo
1144 2973 1276 3032 universe
1284 2972 1452 3031 Christianis

411 3054 440 3111 iv
458 3057 502 3126 16,
523 3076 549 3131 p.
569 3058 635 3130 613.
660 3060 827 3131 ἐγκεκυφότες
847 3078 909 3135 ger·
950 3057 1087 3114 Judaieae
1119 3058 1277 3130 λειτουργίας
1315 3052 1451 3124 ordinem,

410 3156 525 3194 manem
546 3157 606 3195 esse
624 3138 775 3196 lectionem
797 3138 910 3197 Boisius
950 3146 1051 3215 postea
1072 3136 1221 3214 specialius
1243 3143 1312 3195 sect
1336 3155 1394 3213 seq.
1417 3135 1452 3193 ob

406 3218 468 3294 jam
489 3228 573 3277 antea
592 3219 710 3278 viderat.
757 3220 799 3279 uf.
816 3220 832 3277 Ι
847 3222 907 3280 Pet.
950 3219 1047 3278 oculos
1056 3216 1452 3296 ponitcommendatquecle·

412 3299 420 3355 i
440 3319 483 3371 12,
505 3301 661 3375 παρακόψαι.
951 3300 1213 3374 mens,interse1tis
1232 3300 1270 3357 sd
1289 3297 1453 3358 Corinthios

453 3403 479 3452 4.
502 3384 537 3440 εἷς
555 3386 586 3437 τὰ
609 3385 676 3453 βάθη
696 3388 740 3453 τῆς
760 3385 828 3442 θείας
847 3388 910 3457 'ymi-
950 3380 1199 3440 admonitionibus.
1241 3378 1397 3439 (lucturum
1409 3378 1453 3437 hic

413 3459 492 3542 σεως]
529 3463 608 3521 Haec
636 3464 751 3541 quidem
779 3465 911 3523 Clemens
951 3472 981 3522 et
1001 3483 1058 3540 seq.
1079 3470 1148 3521 sect.
1165 3462 1245 3521 locus
1269 3468 1322 3533 est,
1341 3481 1378 3520 ex
1399 3480 1453 3538 quo

412 3543 625 3604 Alexandrinus
652 3546 766 3616 dixerit,
794 3554 825 3604 at
853 3567 911 3605 non
952 3545 1005 3603 viri
1021 3545 1097 3603 docti
1111 3544 1187 3602 haud
1201 3544 1298 3621 inepte
1307 3542 1453 3621 collegere,

412 3626 565 3684 Romanus.
590 3627 790 3686 BERNARD.
835 3627 912 3700 Quid
951 3628 1089 3704 scriptam
1103 3625 1334 3703 esseEpistolam
1344 3624 1454 3694 haume,

411 3716 490 3766 vetat
502 3708 678 3767 Clementem
693 3717 823 3768 nostrum
835 3710 913 3768 locu·
951 3716 1046 3767 stante
1062 3707 1154 3766 adhuc
1168 3705 1276 3784 templo
1290 3705 1455 3782 Hierosoly·

412 3789 520 3847 tionem
540 3789 613 3848 hanc
633 3812 651 3847 a
672 3791 703 3848 B.
727 3791 816 3849 Paulo
836 3811 913 3849 sum-
952 3790 1070 3862 mitmo,
1094 3788 1271 3865 peractisque
1298 3788 1454 3846 etiamnum

412 3870 489 3942 sisse,
512 3870 564 3948 Ep.
585 3873 622 3929 ad
635 3873 789 3936 Romanos,
804 3871 835 3929 xi
851 3892 887 3947 33
900 3874 911 3930 t
952 3872 983 3928 in
993 3872 1043 3929 illo
1053 3871 1139 3929 sacris
1149 3869 1359 3928 functionibus:
1370 3888 1456 3946 quum

406 3950 442 4006 'ss
464 3955 544 4018 βάθος
563 3954 676 4010 πλοίντον
697 3958 735 4009 καὶ
756 3957 853 4027 σοφίας
873 3958 913 4010 καὶ
953 3954 988 4011 de
1003 3953 1064 4012 istis
1075 3961 1210 4029 tunquam
1224 3950 1318 4009 adhue
1331 3950 1457 4009 duranti·

412 4039 531 4105 γνώσεως
545 4038 628 4092 ecoe!
953 4036 1006 4092 hus
1027 4035 1057 4092 in
1077 4033 1220 4110 praesenti
1238 4032 1375 4109 loquatur
1386 4040 1456 4091 tem·

454 4130 479 4187 5.
515 4117 656 4171 Ἐπιτελεῖν
699 4112 910 4195 ε’[κέλ]ευ[σε]ν]
953 4137 1029 4193 pore.
1083 4115 1149 4174 Non
1177 4114 1288 4192 ignoro,
1314 4112 1457 4191 quomodo

413 4194 633 4255 Distinctionem
651 4197 801 4272 posthanc
814 4217 915 4255 vocem
954 4218 1006 4274 per
1019 4198 1140 4274 figuram
1151 4195 1305 4272 quamdam
1317 4214 1458 4273 gramma·

410 4278 552 4348 ἐκελευσεν,
566 4298 583 4335 a
596 4278 684 4337 Junio
705 4280 817 4337 incaute
838 4280 914 4356 posi·
954 4279 1050 4350 ticam,
1068 4278 1200 4337 adductis
1218 4276 1391 4355 quibusdam
1411 4296 1457 4335 ex·

412 4366 481 4427 tam,
496 4359 605 4434 primus
621 4362 737 4419 sustulit
752 4361 915 4433 Wottonus,
955 4360 1065 4437 amplis,
1084 4368 1223 4418 conentur
1245 4358 1323 4417 istud
1345 4357 1458 4417 eludere

411 4460 498 4516 quem
521 4443 611 4500 secuti
636 4451 703 4502 sunt
725 4443 798 4500 Edd.
817 4463 916 4500 omnes
954 4442 1008 4498 viri
1022 4441 1140 4518 quidam
1153 4439 1232 4499 docti
1245 4440 1295 4517 qui
1308 4440 1346 4497 ad
1360 4438 1459 4497 Domi-

411 4523 583 4581 reeentiores
603 4534 716 4599 praeter
737 4525 916 4582 Homeman·
954 4523 1026 4582 tiani
1038 4531 1087 4582 aut
1096 4521 1212 4600 'l'rajani
1221 4521 1459 4599 imperiumaets·

412 4623 488 4660 mun.
550 4605 813 4681 lntcrpunctioucm
835 4604 914 4662 Junii
955 4613 1014 4663 tem
1028 4605 1114 4680 hujus
1127 4603 1263 4681 epistolae
1279 4602 1386 4662 referre
1399 4623 1458 4660 nm-

410 4684 445 4741 el.
463 4685 581 4744 Pottem
601 4689 692 4763 magis
710 4687 848 4763 placuisse
862 4686 914 4743 mi·
957 4687 1027 4744 lunt.
1070 4686 1187 4757 Verum,
1203 4684 1233 4742 ni
1254 4683 1347 4758 fallor,
1367 4684 1458 4743 neuti-

413 4786 480 4836 ror3
501 4788 637 4843 quorsum
652 4770 735 4839 enim,
748 4769 791 4827 uti
805 4769 916 4846 quaerit
956 4788 1042 4844 quam
1066 4775 1133 4826 sunt
1154 4765 1259 4825 similia
1281 4766 1318 4824 ab
1340 4765 1398 4824 illis
1419 4765 1459 4823 al-

414 4847 574 4921 ll'ottonus,
599 4858 642 4908 est
664 4856 726 4907 κατὰ
753 4855 853 4924 καιροὺς
873 4875 914 4906 τε-
956 4851 1015 4908 lata
1031 4849 1162 4924 exempla
1179 4847 1247 4906 huic
1259 4855 1322 4906 tam
1337 4846 1459 4924 simplici

412 4931 548 5000 ταγμένους
575 4931 604 4987 in
633 4933 733 4990 eodem
759 4932 916 4991 sententiae
956 4941 985 4989 et
1011 4929 1163 4989 historicae
1190 4928 1349 4988 Clementis
1378 4930 1458 5003 ῥήσει.

413 5011 541 5069 membro
562 5032 627 5069 eum
643 5016 702 5070 ἀλλ’
723 5019 750 5071 ἐν
769 5017 916 5087 ὡρισμένοις
957 5012 1069 5070 FllEY.
1124 5010 1198 5069 Vide
1225 5011 1264 5069 sis
1290 5030 1386 5089 supra,
1413 5030 1458 5087 pp

413 5097 508 5162 καιροῖς
523 5096 563 5148 καὶ
577 5097 671 5167 apae?
956 5115 1005 5161 xu,
1022 5115 1079 5152 xm.

456 5174 481 5229 6.
511 5177 572 5229 κατὰ
607 5180 707 5249 καιροὺς
735 5173 910 5255 τεταγμένους]
997 5176 1033 5234 ib.
1048 5178 1216 5250 προσφορᾶς]
1242 5173 1396 5233 Observari
1413 5172 1459 5231 de·
