3250 6617
524 1059 586 1122 AD
609 1059 900 1137 CORINTHIOS,
916 1059 981 1123 lvii.
1210 1064 1275 1129 209

287 1228 408 1305 LVII.
451 1232 529 1307 Vos
562 1233 678 1333 igitur
710 1233 774 1331 qui
815 1232 1003 1306 seditionis
1038 1232 1276 1306 fundamenta

229 1346 382 1445 jecistis,
410 1347 448 1419 in
478 1347 685 1421 obedientia
718 1349 859 1423 subditi
893 1359 1011 1422 estote
1037 1349 1275 1448 Presbyteris

235 1471 275 1536 et
291 1462 518 1562 disciplinam
534 1465 687 1564 accipite
710 1466 749 1538 in
774 1466 1060 1564 poenitentiam:
1087 1465 1275 1539 flectentes

233 1605 355 1678 genua
383 1580 544 1654 cordium
574 1591 788 1668 vestrorum,
824 1582 952 1656 discite
992 1583 1130 1681 subjici,
1165 1582 1274 1680 depo·
1291 1606 1300 1638 ¹
1315 1594 1432 1652 Petvs·

232 1705 362 1770 nentes
378 1695 570 1796 gloriosam
589 1707 628 1771 et
644 1697 838 1797 superbam
854 1698 1001 1798 linguae
1018 1709 1161 1772 vestrae
1178 1726 1274 1772 arro-

206 1813 421 1911 'gantiam;
448 1812 579 1887 melius
609 1815 706 1887 enim
733 1813 837 1887 vobis
867 1824 924 1888 eat
954 1815 992 1888 in
1021 1816 1107 1888 ovili
1135 1815 1271 1889 Christi

233 1954 364 2026 parvos
391 1940 430 2004 et
458 1931 574 2005 bonae
605 1932 721 2005 famae
746 1932 905 2029 reperhi,
929 1959 1039 2029 quam
1064 1932 1132 2005 sibi
1157 1932 1271 2005 videri

233 2043 313 2119 aliis
338 2046 603 2132 eminentiores,
621 2058 696 2119 ete
720 2074 784 2146 spe
805 2047 902 2120 illius
923 2048 1036 2146 dejici
1091 2049 1149 2123 Sic
1176 2050 1271 2122 enim

236 2320 411 2397 ‘Presbyter
433 2321 534 2379 debeat
555 2321 680 2379 ordinari
702 2323 730 2379 in
772 2328 862 2380 ‘vero
877 2341 934 2378 uon
945 2321 1270 2380 consuetudinetantunr

234 2402 493 2479 ‘consequentibus
514 2402 663 2469 disserens,
678 2403 732 2461 hoc
773 2407 780 2434 ‘
796 2404 946 2473 Ecclesiae,
965 2402 1015 2459 sed
1034 2402 1219 2478 dispositione
1233 2404 1272 2459 A·

235 2483 315 2543 ‘ait:
336 2485 372 2543 Si
385 2485 451 2559 quia
464 2494 503 2542 cst
523 2485 585 2542 sirac
603 2486 731 2556 crispiac,
774 2485 942 2561 ‘postolica,
957 2485 1063 2542 Iactum
1077 2483 1131 2541 hoc
1149 2504 1209 2541 esse
1223 2505 1271 2542 ex-

234 2565 347 2623 ‘aaias
365 2567 468 2624 rasoria
487 2567 541 2638 cir,
562 2568 609 2623 dcc.
633 2576 732 2642 postca
773 2566 1000 2635 ‘istimaverin13
1022 2566 1098 2641 quod
1115 2565 1271 2624 discordiae

233 2645 374 2706 ‘intulitz
396 2657 502 2723 oporiet
518 2649 596 2705 moira
612 2648 731 2723 It'piaco-
774 2647 996 2708 ‘Ecclesiamm
1025 2654 1058 2704 ut
1085 2648 1204 2723 adparet
1227 2649 1269 2706 vel

235 2730 327 2803 ‘pam
346 2730 410 2786 sim
431 2729 551 2786 cranius
571 2749 634 2797 esse,
659 2738 733 2786 taur·
773 2733 832 2787 ‘ex
860 2729 1009 2788 Corinthia
1038 2729 1170 2799 Ecclesia,
1198 2730 1271 2788 viris

234 2810 401 2884 ‘qrcachi
408 2811 636 2886 dispensatorem.
650 2811 731 2869 Idem
773 2811 951 2868 ‘etiamnum
965 2809 1112 2886 Apostolis
1129 2812 1272 2869 nonnullis

234 2894 242 2920 ‘
256 2898 299 2949 est
312 2910 381 2969 ergo
393 2892 545 2968 Presbyter
554 2892 602 2968 qui
616 2892 731 2968 Episco-
773 2896 822 2950 ‘et
836 2892 934 2949 multis
948 2891 1121 2967 Apostolicis
1134 2893 1212 2963 viris,
1227 2894 1271 2950 ni.

233 2976 327 3048 ‘pus;
341 2980 371 3032 et
384 2980 545 3049 antequam,
560 2973 672 3031 Diaboli
688 2975 730 3031 in·
772 2980 779 3005 ‘
793 2973 848 3031 mis
862 2974 919 3031 cito
932 2973 1085 3049 eruperint.
1109 2974 1203 3046 Quare
1218 2975 1271 3033 hoc

234 3054 370 3127 ‘stinctu
381 3055 477 3113 studia
492 3055 520 3111 in
534 3054 671 3131 religione
682 3056 730 3113 fie-
772 3060 779 3086 ‘
794 3055 950 3113 remedium
960 3055 996 3112 ab
1005 3055 1152 3130 Apostolis
1161 3056 1271 3132 ctApo-

233 3138 328 3208 ‘rent
344 3144 375 3195 et
395 3137 536 3194 diceretur
555 3136 584 3193 in
609 3137 729 3213 populis,
772 3137 901 3195 ‘stolicis
922 3137 992 3194 viris
1016 3137 1164 3195 inventum
1185 3145 1270 3214 atquc

233 3217 320 3292 ‘ch
342 3238 409 3276 arma
428 3217 528 3285 Pauli,
551 3238 599 3293 epo
619 3218 730 3292 Apollo,
774 3223 964 3295 ‘neumatum
981 3227 1047 3275 ant-e
1066 3219 1152 3276 finem
1166 3220 1269 3277 saeculi

232 3302 302 3373 ‘cqc
322 3309 419 3358 asum
443 3298 559 3375 ceptae,
587 3301 730 3357 communi
773 3300 879 3376 ‘primi
894 3299 1045 3358 existimo’

233 3383 241 3410 ‘
255 3379 490 3458 Presbyteromm
503 3380 621 3438 consilio
635 3380 731 3439 Eccle-
814 3401 839 3453 3.
855 3385 886 3436 τὰ
899 3387 993 3454 γόνατα
1006 3385 1050 3449 τῆς
1060 3377 1173 3459 καρδίαι]
1189 3381 1269 3439 Haec

233 3461 559 3539 ‘sisegubernabantur
575 3461 729 3539 Postquam
771 3461 889 3537 phrasis,
911 3462 940 3518 iu
964 3462 1096 3518 Patribus
1117 3470 1146 3518 ct
1167 3461 1268 3519 Conci-

232 3546 320 3602 ‘vero
333 3544 536 3620 unusquisque,
550 3562 622 3620 quos
635 3545 727 3620 bapti·
769 3543 815 3599 liis
833 3544 972 3618 frequens,
988 3542 1138 3617 aleaumpta
1154 3542 1269 3601 videtur

232 3629 451 3698 ‘saveratsuos
464 3625 584 3702 putabat
598 3645 658 3683 esse
671 3645 728 3683 non
768 3644 804 3682 ex
835 3624 972 3682 Oratione
1006 3623 1152 3693 Manassis,
1181 3643 1266 3699 cluam

231 3708 240 3737 ‘
253 3704 370 3779 Christi,
379 3707 411 3764 in
424 3714 486 3765 toto
501 3707 569 3766 orbe
583 3706 728 3764 decretum
769 3705 908 3782 quaedam
923 3704 1016 3762 Biblia
1031 3704 1267 3779 complectuntur,

231 3794 303 3860 ‘est
330 3793 365 3847 ut
386 3807 461 3846 unus
489 3788 525 3845 de
552 3788 728 3863 Presbyteris
768 3785 1264 3862 quamquereferuntt‘onst.Apost.

230 3867 358 3927 ‘electus
377 3877 616 3946 superponeretur
637 3875 728 3927 caete·
769 3867 801 3924 II
817 3868 883 3926 xvii.
921 3870 973 3941 [καὶ
987 3867 1118 3923 mariba
1133 3872 1195 3941 γόνυ
1209 3892 1267 3941 rap

229 3949 298 4021 ‘ris,
312 3950 350 4008 sd
370 3969 455 4026 quem
475 3950 568 4008 omnis
587 3950 728 4008 Ecclesiae
768 3952 822 4009 δίας
841 3952 913 4023 poa]
958 3948 1065 4005 Multas
1078 3968 1146 4005 vcro
1160 3949 1267 4006 similes

231 4036 321 4089 ‘cura
330 4030 493 4108 pertineret,
501 4038 531 4090 et
541 4030 728 4090 schismatum
767 4030 797 4086 in
812 4030 1006 4107 Scriptoribus
1020 4029 1113 4087 Sacris
1126 4037 1155 4087 et
1170 4030 1266 4088 Eccle-

230 4112 361 4171 ‘semins
382 4112 578 4172 tollerentur.”
651 4113 724 4190 Opp.
767 4111 887 4170 siusticis
900 4111 1033 4170 invenies.
1048 4110 1185 4168 COTEL.
1210 4112 1265 4168 Ra-

229 4198 320 4253 ‘tom
335 4193 376 4252 vii
395 4215 422 4272 p.
446 4197 504 4270 694
525 4194 567 4252 ed.
588 4194 643 4252 Vel
655 4197 724 4268 ars]
767 4192 846 4251 tione
859 4193 936 4251 haud
946 4192 1076 4250 dissimili
1091 4192 1217 4268 loquitur
1228 4193 1262 4251 D.

230 4274 326 4333 ‘Tum
347 4276 451 4353 probat
474 4296 490 4334 e
513 4275 615 4352 Philip.
638 4275 647 4331 i
667 4295 690 4347 r,
710 4295 725 4332 2
769 4274 879 4340 Petrus,
891 4275 943 4351 Ep.
960 4276 974 4331 l
992 4275 1001 4330 i
1020 4293 1065 4348 13,
1080 4275 1265 4344 ἀναζωσάμενοι

229 4361 281 4415 ‘et
302 4355 366 4416 Act.
395 4377 437 4415 xx
465 4360 501 4414 28
528 4357 616 4416 mista
642 4357 727 4415 fuisse
767 4360 812 4414 τὰς
826 4358 929 4429 ὀσφύας
942 4361 985 4427 τῆς
999 4355 1107 4412 διανοίας
1120 4358 1194 4424 ὑμῶν.

229 4436 486 4515 ‘Pr-byterorum
506 4447 592 4516 atque
612 4438 727 4515 Episco·
809 4439 835 4495 8.
851 4439 905 4494 καθ’
919 4438 1057 4512 ὑπεροχὴν]
1075 4436 1186 4508 lunius,
1201 4435 1265 4494 Fel-

229 4524 354 4597 ‘porum
367 4519 490 4578 uomina
533 4519 644 4577 Deinde
661 4539 726 4577 con·
767 4518 811 4575 lus
826 4526 855 4577 et
870 4518 1045 4577 Uolomcaius
1059 4517 1177 4574 audient
1190 4521 1263 4574 sada

228 4601 363 4660 ‘tendit:
391 4600 466 4660 sicui
489 4600 651 4678 Presbyteri
674 4601 726 4659 scl-
765 4603 888 4673 περίχειν.

229 4686 312 4753 ‘unt‚
335 4702 366 4740 se
389 4701 425 4740 ex
450 4682 592 4741 Ecclesiae
611 4702 726 4740 consue-
806 4681 843 4739 ib.
870 4684 897 4736 ἐκ
920 4685 964 4749 τῆς
987 4675 1101 4757 ἐλπίδος]
1134 4681 1263 4753 ἐκριφῆναι

228 4764 349 4822 ‘tudine
363 4763 397 4837 ei,
411 4763 461 4841 qui
474 4764 529 4822 sibi
547 4763 726 4841 praepositus
765 4764 877 4833 ἐλπίδος,
907 4760 1011 4817 Helelii
1046 4760 1134 4818 editio
1168 4761 1260 4819 tertia.

226 4849 235 4877 ‘
248 4844 343 4919 luerit,
364 4865 425 4905 esse
446 4846 608 4923 subjectos;
630 4845 671 4903 ita
695 4855 725 4904 et
764 4843 784 4900 J
785 4843 869 4900 unius
882 4841 1033 4919 legendum
1047 4849 1142 4899 censet
1154 4842 1200 4899 vel
1213 4845 1262 4912 ἔξω

226 4926 406 5005 ‘Episcopos
427 4947 510 4985 nosse
533 4934 673 5004 oportere,
693 4947 724 4985 se
763 4929 808 4995 τῆς
822 4923 1002 4998 κιγκλίδοινεί
1014 4922 1260 4999 ροιὶιιιέπαυλίδοι.

226 5008 723 5087 ‘magiscousuetudinequamdis-
764 5005 925 5063 Colomesio
951 5005 1042 5077 magis
1069 5004 1161 5080 placet
1185 5007 1260 5061 ι’πιιυ.

225 5094 232 5123 ‘
246 5089 395 5167 positionis
409 5090 576 5149 Dominicae
593 5089 721 5162 veritate,
761 5090 840 5145 λίδος.
882 5086 963 5143 Nihil
978 5094 1075 5144 autem
1092 5087 1262 5143 mutandum

225 5170 422 5249 ‘Presbyteris
436 5192 497 5231 esse
510 5172 638 5248 majores.
681 5171 721 5230 At
762 5176 839 5228 recte
872 5168 1007 5227 viderunt¹
1039 5167 1198 5225 l‘otclorius
1232 5178 1261 5225 et

265 5284 334 5331 vot.
351 5287 373 5330 1.
803 5285 822 5327 E
837 5287 854 5327 θ
