3250 6617
596 1119 653 1183 ΕΤ
676 1119 1013 1184 FORMULARUM.
1332 1122 1376 1189 99

280 1292 326 1360 τῆν
340 1290 435 1345 πίστιν.
459 1306 502 1358 14.
544 1289 610 1360 ἀρχῆ
628 1292 674 1360 μέν
692 1290 784 1347 πίστις.
829 1293 941 1344 Πλανᾶν.
968 1292 1010 1359 Mt)
1031 1291 1173 1353 πλανᾶσθε,
1188 1291 1297 1363 ἀδελφοί
1316 1315 1373 1361 μου.

869 1369 933 1447 Ign.
950 1369 1022 1446 Eph.
1043 1372 1087 1435 16,
1102 1378 1131 1429 et
1146 1370 1253 1428 Philad.
1270 1391 1295 1445 3.
1332 1376 1376 1428 τὸν

869 1453 1008 1508 ἐπίσκοπον
1034 1457 1123 1508 τοῦτον
1149 1457 1193 1508 τόν
1218 1458 1377 1524 βλεπόμενον

867 1537 951 1605 πλανᾷ
965 1558 1010 1590 τις.
1026 1532 1125 1611 Magn.
1136 1552 1162 1607 3.
1187 1537 1229 1604 Μῆ
1243 1538 1375 1590 πλανᾶσθε

280 1371 317 1428 ib.
359 1371 448 1427 Οὐδεὶς
461 1373 548 1426 πίστιν
561 1372 786 1444 ἐπαγγελλόμενος.

279 1451 318 1509 ib.
352 1453 380 1506 ἐν
393 1453 494 1520 δυνάμει
506 1454 624 1508 πίστεως.
640 1450 677 1509 ib.
700 1455 788 1508 πίστιν

280 1537 346 1589 θεοῦ
357 1535 384 1587 ἐν
393 1536 454 1602 κακῆ
464 1534 615 1604 διδασκαλίᾳ
625 1533 726 1606 φθείρῃ.
741 1535 784 1588 16.

280 1617 349 1684 ἐντῆ
366 1616 444 1669 αὐτοῦ
459 1618 545 1670 πίστει
564 1617 604 1668 καὶ
619 1618 646 1669 ἐν
662 1620 692 1685 τῆ
710 1616 788 1669 αὐτοῦ

278 1698 370 1770 ἀγάπῃ.
389 1714 434 1752 20.
477 1696 634 1767 συνέρχεσθε
648 1697 787 1767 ἐνμιᾷπί-

279 1801 344 1834 στεκ
356 1776 392 1834 ib.
437 1778 465 1830 ἐν
476 1779 562 1832 πίστει
575 1777 660 1847 Ἰησοῦ
673 1782 788 1850 Χριστοῦ

278 1862 462 1932 προσλαλῆσαι
480 1860 545 1927 ὑμῖν.
562 1857 657 1934 Magn.
678 1876 702 1914 1.
743 1862 785 1914 πί-

279 1945 362 1998 στεώς
378 1941 462 1994 τεκαὶ
480 1941 587 2012 άγάπης.
602 1939 639 1996 ib.
691 1942 721 1995 τδ
737 1945 788 1996 πᾶν

279 2023 378 2091 πλῆθος
409 2023 540 2093 ἐθεώρησα
575 2023 602 2076 ἐν
635 2023 729 2077 πίστει.
759 2023 784 2078 6.

279 2105 365 2159 πίστει
379 2105 419 2157 καὶ
433 2103 523 2175 ἀγάπῃ.
544 2118 587 2174 13.
617 2103 787 2159 ἀνακτίσασθε

280 2186 384 2241 ίαοτούς
405 2185 432 2238 ἐν
455 2185 547 2239 πίστει.
572 2182 655 2240 Tmll.
676 2201 699 2239 1.
756 2187 788 2239 τά

279 2265 367 2321 άθικτα
381 2266 471 2336 ἀρχεῖα
485 2265 729 2334 ...ῆπίστιςῆδί
744 2268 788 2321 αὖ·

280 2351 332 2404 τοῦ.
350 2345 457 2403 Philad.
466 2348 491 2401 8.
543 2347 578 2402 είς
595 2346 624 2401 δν
636 2348 789 2415 ἐλπίζουσιν

285 2430 437 2490 ...πίστει,
450 2429 540 2500 ἀγάπῃ
562 2444 606 2483 11.
649 2431 785 2498 πεπληρω-

280 2508 341 2579 μένῃ
359 2511 385 2564 ἐν
400 2510 485 2564 πίστει
504 2510 544 2562 καὶ
559 2509 652 2582 ἀγάπῃ.
672 2508 785 2584 Smyrn.

281 2589 369 2646 Inscr.
412 2590 623 2661 κατηρτισμένους
638 2592 666 2645 ἐν
682 2591 787 2667 ἀκινῆτιμ

280 2672 374 2727 πίστει
392 2688 414 2726 1.
457 2674 486 2725 τό
499 2672 621 2743 γδρόλον
631 2673 687 2727 ἐστὶ
700 2673 788 2730 πίστις

282 2755 322 2807 καὶ
343 2753 434 2825 ἀγάπῃ.
461 2752 488 2809 6.
538 2752 553 2821 ῆ
581 2754 665 2808 τελεία
691 2755 787 2819 πίστις,

280 2833 381 2903 Ἰησοῦς
407 2836 526 2906 Χριστός.
553 2851 597 2889 10.
666 2836 789 2907 ἐδρᾶσθαι

281 2915 367 2972 πίστει
394 2917 434 2970 καλ
457 2916 541 2987 ἀγάπῃ
569 2920 674 2986 σαρκικῇ
697 2939 725 2971 τε
748 2919 788 2972 καλ

281 3001 439 3067 πνευματικῇ.
456 3013 499 3068 13.
543 2996 656 3064 ῆπίστις
670 2999 787 3070 ὡςπερι-

282 3079 416 3151 κεφαλαίο.
433 3076 527 3153 Polyc.
545 3078 570 3132 6.
622 3082 666 3147 τῆς
678 3078 789 3136 πίστεως

282 3162 351 3230 ὑμῶν
363 3160 426 3231 ῥίζα.
443 3158 537 3234 PolyC.
555 3157 626 3215 Phil.
642 3177 665 3215 1.
691 3161 787 3214 οίκοδο.

282 3243 384 3313 μεῖσθαι
394 3243 429 3297 είς
442 3244 487 3310 τῆν
497 3242 616 3296 δοθεῖσαν
625 3243 683 3310 ὑμῖν
692 3242 786 3296 πίστιν.

284 3342 310 3396 3.
353 3323 380 3376 ἐν
393 3326 423 3391 τῇ
437 3323 540 3391 δοθείσῃ
554 3324 641 3378 αὐτοῖς
653 3323 745 3377 πίστει.
760 3341 786 3391 4.

282 3427 302 3460 σ
346 3402 470 3475 ρονοίισας
490 3406 547 3474 περὶ
568 3405 613 3472 τὴν
630 3408 675 3457 τοῦ
694 3405 788 3474 Κυρίου

281 3486 377 3541 πίστιν.
396 3483 434 3539 ib.
476 3485 503 3538 ἐν
523 3485 610 3538 πίστει
633 3487 673 3537 καὶ
697 3485 789 3538 δικαιο-

283 3565 353 3635 σόνῃ.
376 3582 402 3637 9.
444 3566 599 3636 Περιέχουσι
621 3565 671 3636 γάρ
693 3565 787 3620 πίστιν.

868 1619 922 1672 ταῖς
936 1617 1110 1686 ἐτεροδοξίαις.
1127 1618 1152 1672 8.
1196 1617 1229 1685 μέ
1240 1639 1306 1674 τινες
1319 1615 1375 1687 ῆθέ-

867 1699 952 1764 λησαν
972 1699 1108 1767 πλανῆσαι,
1130 1698 1199 1752 ἀλλὰ
1221 1700 1251 1752 τό
1273 1703 1375 1768 Πνεῦμα

869 1779 899 1831 οὔ
916 1781 1048 1834 πλανᾶται.
1068 1777 1177 1835 Philad.
1194 1792 1220 1852 7.
1283 1782 1376 1849 Μηδεὶς

868 1860 1014 1914 πλανάσθω.
1035 1858 1106 1935 Ερλ.
1124 1874 1149 1932 5.
1171 1866 1200 1918 et
1216 1860 1329 1936 Smym.
1347 1861 1373 1917 ό.

869 1941 949 1997 θεοὺς
975 1942 1176 2014 προσαγορεύεις
1201 1946 1374 2012 πλανώμενος.

869 2019 954 2078 Mart.
971 2021 1033 2098 Igu.
1053 2040 1077 2078 2.

829 2105 923 2172 Πλάνη.
977 2103 1131 2174 θεασάμενος
1153 2105 1180 2158 ἐν
1199 2104 1257 2176 ἡμῖν
1277 2107 1377 2175 πολλὴν

868 2187 973 2253 πλάνην.
998 2184 1086 2242 Clem.
1113 2184 1145 2240 Π
1173 2203 1197 2242 1.
1246 2189 1310 2258 πρὸς
1331 2189 1376 2256 τὴν

868 2267 966 2334 πλάνην
1001 2267 1082 2320 αὐτῶν
1117 2268 1186 2334 ὑμεῖς
1216 2268 1310 2340 ἐδραῖοι
1344 2272 1375 2337 τῆ

868 2346 961 2402 πίστει.
986 2345 1049 2420 Igu.
1069 2345 1141 2422 Eph.
1163 2365 1209 2404 10.
1260 2350 1306 2417 τῆν
1325 2355 1376 2403 τῶν

868 2430 973 2482 πολλῶν
993 2431 1097 2498 πλάνην.
1123 2426 1217 2504 Polyc.
1248 2427 1318 2487 Phil.
1347 2449 1372 2486 α.

868 2511 954 2562 πᾶσαν
994 2511 1192 2564 καταδικάσαντα
1233 2513 1376 2581 δαιμονικὴν

867 2592 970 2659 πλάνην.
986 2589 1070 2648 Mart.
1087 2590 1151 2666 Igu.
1170 2609 1194 2647 2.

828 2673 970 2727 Πλάσσειν.
1026 2677 1080 2729 ταῖς
1104 2676 1180 2743 ίεραῖς
1203 2676 1243 2727 καὶ
1264 2673 1376 2744 ἀμόμοες

868 2755 959 2824 χερσῖν
971 2754 1090 2809 ἔπλασεν.
1107 2752 1196 2810 Clem.
1214 2753 1292 2827 133.

828 2836 938 2891 Πλάτος.
981 2837 1012 2889 τὰ
1028 2835 1111 2904 πλάτη
1124 2838 1169 2904 τῆς
1182 2836 1284 2909 καρδίας
1297 2837 1372 2906 ὑμῶν.

869 2913 958 2972 Olem.
974 2915 990 2971 I
1007 2934 1033 2971 2.

829 3000 990 3068 Πλατυσμός.
1050 3001 1127 3052 Πᾶσα
1154 2999 1216 3067 δόξα
1243 3001 1283 3054 καὶ
1310 3004 1375 3055 πλο-

868 3082 974 3147 τυσμός.
990 3077 1078 3135 clem.
1095 3078 1111 3134 I
1126 3098 1153 3151 3.

830 3162 914 3215 Πλεῖν.
958 3162 999 3215 διὰ
1016 3162 1045 3214 τό
1059 3161 1179 3231 ἐξαίφνης
1194 3165 1268 3217 πλεῖν
1280 3185 1312 3231 με
1325 3162 1375 3218 ἀπό

868 3239 993 3311 Τρωάδος.
1020 3240 1083 3317 Igu.
1109 3240 1202 3316 Polyc.
1230 3245 1257 3298 8.
1302 3244 1375 3298 ἔπλει

869 3324 899 3374 τὸ
928 3321 1086 3394 Ἀδριατικὸν
1124 3322 1244 3396 πέλαγος.
1283 3322 1368 3380 Mart.

869 3400 931 3476 Igu.
949 3416 977 3474 5.

829 3485 965 3539 Πλειόνως.
1006 3487 1129 3541 πλειόνως
1142 3487 1218 3540 αὐτόν
1231 3483 1372 3556 φοβείσθω.

871 3562 933 3638 Ign.
952 3563 1023 3639 Eph.
1041 3564 1066 3620 6.

286 3665 329 3719 13.
830 3648 965 3702 Πλεῖστος.
1023 3648 1132 3700 πλεῖστα
1167 3648 1271 3717 χαίρειν.
1311 3645 1372 3723 Igu.

242 3733 363 3784 Πιστοῦν.
415 3727 584 3784 καταθέντες
607 3730 690 3802 ἐντῷ
717 3730 788 3802 λόγῳ
870 3725 983 3801 Smyrn.
1000 3726 1087 3783 Inscr.
1105 3726 1199 3801 Polyc.
1216 3726 1307 3784 Inscr.

282 3814 414 3865 τοῦθεοῦ.
431 3806 607 3878 016111Ῑ42.
829 3809 937 3863 Πλείων.
983 3810 1101 3865 πλείονας
1121 3808 1257 3881 ἐπήνεγκεν
1275 3813 1374 3868 πόνους.

242 3895 346 3953 Πιστός.
383 3896 441 3944 Νῶε
453 3894 546 3948 πιστός
558 3890 674 3962 εὑρεθείς.
697 3887 785 3945 Clem.
870 3887 959 3946 Clem.
976 3889 991 3945 I
1006 3904 1031 3962 5.
1085 3891 1113 3945 ἐκ
1132 3895 1177 3945 τοῦ
1197 3893 1251 3947 ἐνὸς
1270 3895 1376 3947 πλείονα

283 3973 299 4029 I
314 3991 340 4046 9.
390 3972 507 4044 Ἀβραάμ
522 4017 527 4028 .
541 4017 546 4028 .
559 4016 564 4026 .
577 3973 670 4028 πιστός
691 3971 785 4041 εὑρέθη.

287 4072 333 4111 10.
383 4057 419 4128 τῷ
444 4060 528 4128 πιστῷ
555 4054 582 4107 ἐν
608 4055 662 4109 ταῖς
682 4053 788 4124 ἐπαγγε-

283 4137 358 4193 λίαις.
377 4148 424 4206 27.
467 4138 482 4189 ό
499 4138 619 4205 μακάριος
636 4135 728 4189 πιστὸς
746 4134 787 4187 θε-

281 4220 370 4291 ράπων
384 4263 389 4273 .
405 4219 558 4286 ..Μωῦσῆς
576 4233 623 4288 43.
659 4213 734 4268 Ἠτω
750 4217 788 4271 τἰς

282 4301 383 4354 πιστόν.
408 4298 456 4366 48.
513 4300 610 4352 Πιστός
635 4299 685 4367 γάρ
708 4296 787 4360 ἐστιν,

283 4383 298 4434 ό
321 4380 535 4451 ἐπαγγειλάμενος
561 4379 606 4433 τᾶς
632 4377 789 4444 ἀντιμισθίας

283 4461 435 4516 ἀποδιδόναι.
460 4458 492 4513 ΙΙ
520 4476 562 4513 11.
618 4459 729 4528 ἔσχατος
756 4459 790 4511 δν

282 4547 334 4596 τῶν
355 4542 406 4595 ἐκεῖ
425 4546 530 4596 πιστῶν.
558 4538 620 4613 Ign.
645 4536 717 4613 Eph.
742 4556 786 4593 21.

282 4626 307 4678 οῖ
331 4624 358 4677 δέ
379 4625 467 4677 πιστοὶ
489 4623 516 4675 ἐν
538 4621 622 4692 ἀγάπῃ
645 4622 790 4691 χαρακτῆρα

283 4708 357 4759 θεοῦ.
373 4702 469 4779 Magn.
487 4715 514 4774 5.
559 4704 651 4758 πιστός
665 4705 679 4754 ό
693 4702 788 4773 Πατῆρ.

283 4778 368 4841 Trall.
386 4802 428 4857 13.
450 4787 542 4840 πιστὸς
553 4780 622 4845 εἶναι,
634 4784 693 4836 ὅταν
703 4785 791 4858 κόσμῳ

283 4869 317 4936 μὴ
340 4868 477 4937 φαίνωμαι.
495 4865 580 4921 Rom.
600 4882 625 4936 3.
677 4865 713 4920 είς
732 4866 792 4920 τοὺς

869 3971 947 4039 αὔξει.
975 3989 1022 4041 24.
1077 3973 1111 4041 μῆ
1139 3972 1312 4040 στασιάζωσιν
1334 3975 1376 4028 ἐπὶ

869 4055 964 4107 πλεῖον.
982 4065 1028 4124 55.
1050 4055 1165 4109 πλείονες
1179 4054 1313 4125 ἐγενόμεθα
1326 4061 1377 4110 τῶν

870 4132 1010 4188 δοκοόντων
1023 4136 1090 4204 ἔχειν
1103 4138 1176 4189 θεόν.
1192 4133 1224 4190 ΙΙ
1241 4154 1265 4190 2.
1297 4142 1377 4210 σιγᾶν

868 4216 973 4269 πλείονα
996 4215 1103 4269 δύναται.
1129 4214 1192 4290 Igu.
1216 4215 1324 4273 Philad.
1352 4236 1374 4273 1.

870 4295 974 4350 σύνεσιν
987 4297 1092 4351 πλείονα
1104 4295 1134 4365 ῆς
1147 4299 1220 4368 ἔχεῖς.
1237 4296 1331 4373 Polyc.
1353 4320 1374 4355 1.

871 4377 936 4431 ὅπου
948 4379 1043 4432 πλείων
1053 4381 1136 4434 κόπος.
1149 4376 1186 4434 ib.
1229 4383 1319 4434 πλεῖον
1331 4383 1376 4435 αὖ·

871 4460 915 4512 τὸν
932 4463 1150 4532 προσοικειοῦσσν.
1167 4458 1251 4516 Mart.
1268 4459 1331 4536 Igu
1354 4480 1377 4516 ι.

870 4541 975 4594 πλείονά
993 4562 1058 4595 τε..
1073 4541 1239 4611 ,διαλεχθείςΙ
1257 4541 1283 4596 6.
1312 4545 1336 4595 οί
1350 4543 1378 4597 δέ

871 4620 974 4678 πλείους
999 4620 1099 4675 ἔπειθον
1123 4623 1199 4674 αὐτόν
1222 4623 1375 4689 ἐπεξελθεῖν.

873 4700 957 4758 Mart.
975 4700 1069 4776 Polyc.
1088 4713 1113 4771 5.
1141 4704 1181 4756 καὶ
1194 4701 1261 4756 ἀλλά
1274 4707 1379 4759 πλείονα

872 4783 961 4855 λε’γων.
981 4800 1025 4837 12.
1069 4784 1110 4837 διά
1128 4786 1251 4838 πλειόνων
1264 4785 1377 4854 δηλωθῆ-

872 4886 918 4919 ναι.
937 4882 982 4919 20.

285 4949 372 5021 όγίους
382 4946 630 5004 καὶπιστούςαάτοῦ.
642 4943 788 5019 Smym.1.
832 4946 923 5000 Πλίον.
967 4946 1047 5017 ὑγίεια
1066 4946 1146 4999 πλέον
1166 4944 1260 5014 ῆνίασε.
1288 4945 1376 5004 Clem.

283 5025 353 5084 είπεν
373 5029 541 5100 ἐπιστραφεὶς
566 5029 620 5082 τοῖς
647 5027 696 5080 σὺν
723 5027 790 5100 αὐτῷ

283 5112 392 5165 πιστοῖς.
412 5107 500 5165 Mart.
521 5106 616 5182 Polyo.
639 5124 682 5162 12.
736 5106 791 5161 ἔκο-

284 5213 347 5246 στον
359 5196 410 5244 τῶν
422 5195 521 5245 πιστῶν
534 5190 691 5256 σπουδάζειν.
712 5205 755 5260 13.

872 5024 985 5101 Fragm.
996 5024 1032 5082 iv.
1056 5026 1142 5080 Πλέον
1150 5028 1288 5085 σπουδαῖος
1298 5027 1377 5100 γίνου.

872 5105 935 5182 Ign.
953 5106 1048 5182 PolyC.
1065 5125 1092 5180 3.
1135 5108 1215 5162 πλέον
1226 5109 1378 5165 δουλευέτω-

873 5210 929 5244 σαν.
946 5207 972 5257 4.
1005 5190 1048 5243 ε’άν
1060 5189 1164 5261 γνωσθῆ
1178 5190 1263 5246 πλέον.
1281 5204 1306 5262 5.

244 5273 324 5328 Πίων.
366 5273 392 5326 ἐν
411 5272 487 5341 θυσίᾳ
504 5272 571 5326 πίονι
590 5272 629 5325 καὶ
647 5270 792 5343 προσδικτῆ
833 5270 980 5338 Πλεονεξία.
1024 5270 1214 5342 ἀπορρίψαντες
1226 5271 1272 5342 ἀφ’
1287 5275 1380 5327 εἀυτῶν

285 5352 371 5410 Mart.
389 5352 483 5427 Polyc.
504 5371 547 5422 ¹4·

877 5396 899 5405 ..
917 5351 1088 5420 ,πλεονεξίαν
1104 5349 1192 5408 Clem.
1209 5350 1224 5406 I
1240 5365 1287 5425 35.
1319 5354 1379 5410 ἀπε-

915 5450 933 5486 11
950 5449 965 5485 2
