3250 6617
337 1128 402 1194 126

382 1316 429 1375 ο.
483 1302 527 1368 το
540 1296 715 1371 φιλαδελφία
728 1298 797 1368 ἡμῶν
810 1299 888 1370 ουν

381 1382 489 1457 ἀγωγήν.
506 1383 553 1449 48.

341 1466 516 1537 Φιλαργυρεῖν.
580 1461 744 1531 συμπάσχειν
765 1459 890 1529 άλλίηλοις

380 1548 528 1617 mom.
566 1541 606 1598 καὶ
642 1543 677 1611 μί
710 1543 887 1613 φδεννννιῑν·

382 1623 558 1692 0111111114.

341 1707 505 1780 Φιλοργυρία
557 1703 638 1760 Οὗτος
653 1703 886 1776 λε’γει...φιλαρ-

382 1790 478 1862 γυρίαν.
499 1783 588 1842 Clem.
612 1782 693 1839 116.
738 1784 889 1855 α’πεχόμενοι

381 1872 467 1937 πάσης
487 1908 494 1920 .
516 1910 522 1922 .
546 1909 552 1921 .
575 1866 755 1938 φιλαργυρίας.
792 1864 886 1940 Polye.

383 1948 456 2006 Phil.
475 1965 500 2003 2.
541 1947 622 2019 Ἀρχὴ
644 1948 672 2001 δι’
691 1949 791 2001 πάντων
808 1952 888 2019 χαλε·

382 2031 615 2101 πῶνφιλαργυρίο.
634 2047 660 2097 4.
701 2030 797 2100 μακράν
809 2033 889 2086 οὔσας

382 2113 467 2180 πάσης
481 2153 487 2167 .
500 2156 505 2166 .
518 2110 713 2181 φιλαργυρίας.
728 2108 764 2164 ib.
792 2112 890 2183 μακρὰν

384 2193 453 2249 όντες
465 2193 550 2259 πάσης
563 2192 743 2263 φιλαργυρίας.
759 2190 787 2246 6.

342 2278 436 2330 Φιλεῖν.
478 2273 578 2329 Καλοὺς
598 2272 709 2342 μαθητάς
732 2273 775 2326 ε’ὸν
797 2274 886 2344 φιλῇς.

384 2354 447 2430 Ign.
465 2352 558 2428 Polyc.
577 2370 604 2408 2.

343 2435 543 2491 Φιλοδῖσποτος.
579 2436 804 2507 Τὸγάργενναῖον.
817 2479 824 2491 .
837 2436 888 2489 ,καί

384 2518 582 2590 φιλοδέσποτον.
597 2514 682 2572 Mart.
699 2514 793 2591 Polyc.
811 2533 837 2571 2.

342 2599 490 2654 Φιλονεικία
506 2598 551 2666 τὴν
560 2603 610 2652 τῶν
620 2597 748 2652 Ἰουδαίων
756 2599 889 2669 γενομένην

384 2682 545 2751 φιλονεικίαν.
563 2676 648 2735 111111.
664 2676 757 2753 Polyc.
778 2679 823 2733 18.

343 2764 495 2818 Φιλόνεικος.
537 2761 675 2815 Φιλόνεικοί
688 2761 757 2824 ε’στε,
769 2759 886 2832 ἀδελφοί.

385 2839 474 2898 Olem.
491 2841 506 2897 I
521 2854 566 2912 45.

343 2924 486 2991 Φιλοξενία.
535 2924 565 2977 τὸ
580 2924 771 2995 μεγαλοπρεπὲς
784 2925 828 2993 τῆς
841 2925 886 2993 φι-

384 3004 498 3071 λοξενίας
519 3005 588 3071 ὑμῶν
608 3003 674 3072 ἦθος.
704 3001 792 3060 (312111.
817 3001 833 3058 Ι
860 3021 886 3060 1.

384 3086 433 3139 Διό
488 3086 637 3156 φιλοξενίαν
654 3085 728 3154 ε’δόθη
748 3087 815 3160 αὐτῷ
836 3087 888 3142 υίὸς

384 3165 495 3239 ε’νγίηρᾳ.
519 3183 563 3222 10.
615 3168 663 3221 Διό
681 3167 830 3238 φιλοξενίαν
859 3208 887 3222 ..

385 3250 443 3302 Λῶτ
458 3248 549 3317 ε’σῶθη.
573 3266 617 3303 11.
659 3248 887 3320 Διό...φιλοξε-

385 3330 438 3384 νίαν
451 3330 535 3399 ε’σῶθη
546 3329 633 3390 Ῥαάβ.
652 3346 697 3384 12.

343 3411 486 3478 Φιλόξενυς.
538 3412 571 3464 Ἡ
588 3410 632 3465 οῦν
649 3410 783 3482 φιλόξενος
800 3410 885 3475 Ῥαάβ.

385 3490 473 3548 Clem
490 3490 506 3546 I
525 3509 568 3547 12.

305 3571 307 3574 ¹
343 3575 430 3629 Φίλος.
453 3574 577 3644 Ἀβραάμ,
592 3577 606 3627 ό
620 3574 699 3644 φίλος
711 3595 886 3644 προσαγορευ-

384 3655 442 3711 θείς.
462 3653 645 3710 (1111111110.
695 3658 886 3726 φίλοςπροση·

383 3735 490 3808 γορεῦθη
506 3741 552 3790 τοῦ
568 3741 640 3790 θεοῦ.
660 3748 705 3807 17.
758 3736 795 3788 Οῦ
814 3737 887 3788 δυνά-

383 3818 447 3885 μεθα
461 3816 505 3871 οὖν
518 3823 568 3871 τῶν
580 3817 625 3871 δύο
639 3818 714 3886 φίλοι
728 3813 796 3872 εἶναι.
812 3814 845 3871 II
860 3817 886 3870 6.

342 3900 483 3966 Φιλοτιμία.
525 3899 625 3969 φθάσαι
638 3900 683 3954 τάς
696 3899 843 3969 φιλοτιμίας
862 3899 889 3952 ίν

383 3983 413 4044 τῇ
433 3981 531 4052 μεγάλη
550 3980 640 4048 Ῥώμη.
664 3979 747 4036 Mart.
777 3979 836 4054 [gn.
860 3993 885 4049 5.

382 4064 426 4129 τῆς
465 4062 605 4133 ἀκαθάρτου
653 4064 804 4130 φιλοτιμίας.
848 4058 885 4115 11).

383 4146 534 4210 μελλουσῶν
560 4141 709 4196 καταπαύειν
730 4148 780 4196 τῶν
806 4145 884 4213 φιλο-

383 4229 476 4291 τιμιῶν.
493 4225 520 4278 6.

341 4306 473 4361 Φιλόῦλος.
516 4306 561 4359 οῦκ
577 4306 647 4358 ἔστιν
664 4306 691 4359 ἐν
704 4306 759 4374 ε’μοὶ
774 4308 825 4375 πῦρ
841 4306 886 4374 φι-

382 4388 483 4442 λόῦλον.
501 4385 562 4461 Ign.
580 4385 661 4441 Rom.
679 4400 704 4457 7.

341 4468 519 4537 Φιλόχριστος.
541 4471 585 4522 τὸν
597 4471 641 4535 τῆς
654 4469 826 4538 φιλοχρίστου
841 4468 884 4520 αῦ-

381 4552 427 4602 τοῦ
439 4550 576 4617 ε’πιθυμίας.
593 4546 678 4604 Mart.
696 4547 759 4623 Ign.
777 4561 802 4619 7.

341 4630 428 4700 Φλέφ.
450 4630 526 4701 μέχρι
538 4636 589 4684 τῶν
602 4632 654 4684 ἔσω
668 4633 781 4701 φλεβῶν.
799 4628 883 4686 Mart.

382 4709 476 4785 Polyc.
495 4729 519 4767 2.

340 4794 419 4861 Φλόξ.
460 4796 580 4865 Μεγαλης
594 4793 621 4845 δέ
634 4792 805 4863 ἕκλαμφάσης
818 4795 886 4863 φλο-

380 4877 432 4944 γός.
450 4872 535 4931 Mam
553 4870 646 4947 Polyc.
668 4886 710 4944 15.

338 4957 485 5017 Φοβεῖσθαι
516 4959 568 5011 τοῖς
582 4957 751 5025 φοβουμένοις
764 4956 807 5008 τὸν
821 4957 885 5009 θεὸν

379 5037 464 5092 όσίως.
481 5036 569 5093 (110111.
586 5034 601 5090 1
619 5054 663 5091 21.
713 5038 766 5106 ἔχει
781 5039 883 5108 σπλάγ-

377 5138 427 5185 χνα
454 5119 495 5172 ε’πί
518 5119 695 5190 φοβουμένους
721 5119 806 5172 αὐτόν.
837 5135 881 5188 23.

378 5198 533 5266 φοβηθῶμεν
546 5202 630 5255 οἰτόν.
648 5200 693 5254 28.
729 5201 823 5267 Δανιὴλ
835 5201 883 5252 ὑπὸ

376 5282 428 5332 τῶν
449 5282 617 5350 φοβουμένων
638 5283 682 5334 τόν
703 5282 766 5335 θεὸν
786 5279 882 5349 ε’βληθη

376 5359 412 5415 είς
431 5362 524 5416 λάκκον
542 5365 669 5425 λεόντον;
691 5375 737 5432 45.
795 5363 825 5416 οὐ
846 5362 884 5415 δεῖ

696 1119 842 1184 INDEX
864 1118 1122 1184 VERBORUM

968 1297 1033 1367 ἡμᾶς
1058 1297 1201 1368 φοβεῖσθαι
1236 1298 1297 1354 τοῦς
1323 1296 1471 1366 ἀνθρώπους.

970 1377 1002 1433 Π
1018 1398 1046 1448 4.
1088 1379 1122 1448 μὴ
1141 1379 1300 1450 φοβηθῶμεν
1318 1378 1431 1447 ἐξελθεῖν
1449 1379 1473 1431 ἐκ

969 1465 1015 1515 τοῦ
1029 1463 1125 1530 κόσμου
1140 1459 1239 1515 τοῦτου.
1256 1473 1282 1532 5.
1335 1460 1400 1514 ὅσον
1414 1460 1473 1522 βλί·

969 1564 1012 1597 πει
1026 1565 1065 1599 τις
1085 1548 1196 1613 σιγῶντα
1218 1543 1368 1604 ἐπίσκοπον,
1392 1544 1475 1595 πλειό-

969 1645 1017 1681 νως
1030 1624 1105 1677 αὐτόν
1116 1623 1261 1695 φοβείσθω.
1278 1622 1343 1698 Igu.
1359 1620 1432 1697 Eph
1449 1621 1473 1677 6.

969 1705 1124 1775 φοβηθῶμεν
1151 1706 1197 1773 το
1224 1702 1399 1776 μακροθυμία
1432 1706 1476 1756 τοι

970 1790 1043 1839 θεοῦ.
1065 1802 1110 1841 11.
1157 1786 1204 1855 τὴν
1226 1786 1378 1855 με’λλουσαν
1399 1785 1476 1856 όργην

968 1866 1130 1938 φοβηθῶμεν.
1153 1864 1192 1921 ib.
1239 1871 1283 1921 νῦν
1309 1868 1361 1938 γάρ
1386 1888 1418 1935 με
1439 1866 1475 1919 δεῖ

967 1947 1047 2002 πλέον
1069 1949 1218 2019 φοβεῖσθαι.
1241 1946 1327 2002 Trall.
1353 1966 1380 2016 4.
1423 1950 1473 2018 φο«

967 2032 1061 2097 βοῦμαι
1082 2030 1117 2099 μὴ
1141 2031 1239 2097 νηπίοις
1258 2028 1335 2083 οῦσιν
1358 2030 1423 2098 ὑμῖν.
1448 2042 1473 2098 5.

968 2114 1098 2178 Φοβοῦμαι
1123 2112 1174 2182 γάρ
1200 2111 1246 2179 τὴν
1272 2111 1343 2179 ὑμῶν
1369 2110 1473 2181 άγάπην.

968 2189 1051 2248 Rom.
1070 2209 1096 2248 1.
1121 2192 1251 2260 δεδεμένος
1263 2194 1399 2262 φοβοῦμαι
1410 2193 1474 2261 μᾶλ-

968 2275 1021 2326 λον.
1038 2270 1145 2328 Ρ11111111.
1163 2286 1189 2343 5.
1214 2273 1341 2343 φοβηθείς
1354 2273 1418 2343 ὑπὲρ
1431 2274 1474 2340 τῆς

967 2353 1117 2424 Ἀντιοχέων
1124 2354 1266 2422 ε’κκλησίας.
1279 2351 1436 2428 Marfflgn.
1448 2371 1471 2407 2.

968 2436 1093 2506 φοβηθεὶς
1101 2433 1135 2504 μή
1145 2457 1207 2490 ποτε
1218 2434 1233 2503 ἡ
1243 2437 1288 2504 τῆς
1300 2435 1474 2506 άδελφάτητος

969 2516 1074 2588 σοιτί·
1098 2535 1124 2585 4·
1167 2516 1340 2588 φοβουμένας
1362 2517 1390 2570 δὲ
1413 2517 1474 2570 διότι

967 2620 1016 2669 περ
1027 2598 1068 2652 ε’πί
1081 2598 1212 2652 θάνατονό
1225 2601 1340 2653 τοιοῦτος
1353 2601 1435 2669 ἤγετο.
1446 2595 1470 2651 6.

928 2682 1021 2743 Φόβος.
1071 2678 1151 2734 πάντα
1178 2680 1206 2732 ἐν
1231 2682 1268 2753 τῷ
1294 2680 1374 2753 φάβα)
1400 2678 1473 2731 αὐτοῦ

968 2761 1115 2815 ε’πετελεῖτε.
1149 2757 1239 2816 Clem.
1267 2758 1283 2814 1
1309 2777 1334 2814 2.
1391 2760 1472 2833 ε’ντηῖ

967 2840 1114 2896 ἀπολείπειν
1136 2841 1246 2895 ἕκαστον
1268 2842 1314 2895 τόν
1328 2843 1415 2912 φόβον
1429 2844 1471 2894 τοῦ

969 2926 1043 2976 θεοῦ.
1058 2940 1085 2994 3.
1126 2923 1341 2991 καταδεξαμῖνους
1354 2924 1385 2975 τὸ
1401 2924 1470 2993 λόγια

968 3004 1045 3057 αῦτοῦ
1062 3004 1188 3077 ε’νφόβφ.
1207 3020 1252 3075 19.
1305 3004 1352 3071 τὴν
1363 3003 1470 3058 παιδείαν

967 3088 1013 3138 τοῦ
1030 3087 1118 3156 φόβου
1137 3089 1184 3138 τοῦ
1202 3088 1276 3140 θεοῦ.
1296 3101 1342 3139 21.
1391 3085 1469 3139 πῶςό

968 3168 1053 3236 φόβας
1076 3166 1152 3219 αὐτοῦ
1173 3168 1257 3222 καλός.
1280 3163 1320 3221 11).
1374 3167 1406 3220 Οῖ
1423 3166 1468 3236 γάρ

967 3248 1030 3315 μετό
1044 3249 1131 3317 φόβου
1146 3248 1187 3301 καὶ
1199 3246 1299 3318 άγάπης
1312 3249 1468 3315 πολιτευόμε-

968 3340 1074 3399 νοιοι.
1094 3328 1468 3403 υοπὰοψυο..-πιου.

967 3412 1060 3482 φόβον.
1074 3411 1119 3479 58.
1157 3406 1254 3466 Οῖτινες
1267 3409 1411 3481 παράγουσι
1422 3409 1468 3478 φό

967 3493 1031 3556 βους
1057 3491 1233 3562 ἀνθρωπίνους.
1264 3489 1296 3545 Π
1324 3507 1368 3545 10.
1417 3491 1468 3543 δον·

967 3570 1077 3626 λεῦσατε
1093 3576 1128 3646 τῷ
1146 3576 1203 3645 θεῷ
1226 3572 1254 3625 ἓν
1272 3574 1358 3645 φόβῳ.
1381 3569 1467 3643 Polyc.

969 3650 1040 3708 Phil.
1059 3671 1084 3708 2.
1134 3653 1180 3722 τὴν
1195 3654 1309 3707 παιδείαν
1325 3657 1371 3706 τοῦ
1387 3655 1468 3723 φόβου

967 3739 1013 3788 τοῦ
1034 3738 1107 3788 θεοῦ.
1127 3752 1152 3802 4.
1206 3734 1385 3802 δουλεύσομεν
1406 3734 1468 3806 αῦτηῦ

967 3818 1030 3885 μετὰ
1053 3818 1146 3887 φόβου.
1167 3814 1193 3869 6.
1243 3818 1322 3888 φόβῳ
1344 3818 1384 3868 καί
1406 3817 1468 3885 χαρᾷ

967 3899 1175 3968 πεπληρωμένοις.
1193 3894 1358 3971 1111111.Ιὲ11.
1376 3896 1401 3950 6.

928 3979 1022 4044 Φοίνιξ.
1058 3977 1166 4050 Ὀρνεον
1174 3979 1224 4049 γὰρ
1238 3977 1334 4032 ἔστινδ
1347 3999 1468 4048 προσονο-

966 4061 1068 4127 μάζεται
1082 4059 1176 4129 φοίνιξ.
1192 4056 1281 4114 Clem.
1297 4056 1314 4113 Ῑ
1331 4070 1376 4129 25.

927 4143 1027 4195 Φοιτᾶν.
1065 4140 1096 4194 τά
1109 4163 1137 4194 τε
1150 4141 1177 4193 ἐν
1190 4142 1252 4209 αὐτῇ
1272 4143 1323 4214 ζῷα
1336 4143 1466 4211 φοιτῶντα

968 4219 1056 4278 clem.
1074 4220 1151 4293 133.

926 4307 1024 4373 Φορεῖν.
1038 4304 1139 4358 ἑπτάκις
1148 4303 1231 4371 δεσμὰ
1245 4302 1370 4373 φορέσας.
1381 4298 1467 4356 Clem.

967 4383 1024 4454 15.
1065 4390 1115 4437 τῶν
1132 4384 1248 4437 αὖτδνέν
1261 4384 1349 4454 καρδίᾳ
1362 4379 1468 4453 φοροῦν-

965 4488 1022 4520 των.
1039 4463 1123 4521 Mart.
1141 4464 1203 4539 Igu
1222 4482 1248 4519 2.

926 4549 1053 4619 Φορτικός.
1106 4548 1208 4602 Δεικνῦς
1225 4545 1317 4600 τοῦτον
1335 4547 1469 4615 τοῦλόγου

964 4630 994 4682 τό
1008 4631 1136 4700 φορτικόν.
1152 4626 1214 4701 Igu.
1231 4625 1345 4701 Fragm.
1362 4623 1380 4681 i.

926 4713 1036 4781 Φρανεῖν.
1068 4708 1147 4764 οὕτως
1160 4710 1199 4762 δεῖ
1215 4709 1279 4778 ἡμᾶς
1296 4710 1402 4779 φρονεῖν
1414 4707 1469 4777 περὶ

966 4790 1058 4859 Ἰησοῦ.
1079 4787 1259 4846 (1111111111.
1313 4790 1388 4859 μικρὰ
1404 4790 1469 4860 φρο·

967 4875 1017 4926 νεῖν
1036 4874 1095 4943 περὶ
1117 4874 1161 4939 τῆς
1184 4871 1310 4943 σωτηρίας
1332 4870 1407 4938 ἡμῶν.
1432 4868 1468 4924 ib.

964 4954 991 5007 ἐν
1008 4956 1044 5027 τῷ
1061 4955 1111 5025 γάρ
1129 4955 1234 5023 φρονεῖν
1251 4952 1314 5021 ἡμᾶς
1329 4951 1412 5022 μικρά.
1433 4948 1468 5005 11).

964 5036 1056 5088 Πολλὰ
1069 5038 1158 5105 φρονῶ
1176 5034 1203 5087 ε’ν
1216 5038 1281 5107 θεῷ.
1305 5031 1368 5108 Igu.
1384 5030 1467 5087 Trall.

965 5136 991 5184 4.
1034 5117 1115 5172 καθὼς
1130 5118 1272 5186 φρονοῦσιν
1285 5116 1325 5168 καὶ
1340 5113 1470 5183 συμβήσε-

963 5220 1003 5251 ται
1024 5199 1114 5254 αὐτοῖς.
1133 5194 1245 5270 Smym.
1264 5214 1289 5250 2.
1332 5198 1391 5266 περὶ
1405 5195 1471 5264 ἡμῶν

962 5281 992 5332 τό
1005 5280 1066 5333 αὐτὸ
1079 5281 1226 5350 φρονοῦσιν.
1244 5292 1273 5348 5.
1321 5276 1471 5331 Τίλειοιόν·

962 5382 1003 5417 τες
1016 5358 1100 5414 τέλεια
1114 5361 1153 5414 καὶ
1166 5362 1291 5431 φρονεῖτε.
1311 5375 1358 5414 11.
