3250 6617
368 1035 412 1102 64
733 1034 766 1097 S.
790 1033 1047 1097 CLEMENTIS

203 1230 292 1344 ⁹⁰⁸¹}ss
301 1245 341 1279 01-
368 1213 431 1309 τῆς
448 1207 707 1310 μεγαλωσύνης
723 1217 787 1287 τοῦ
807 1213 914 1305 Θεοῦ,
936 1212 955 1287 ὁ
978 1206 1110 1309 Κύριος
1135 1208 1235 1306 ἡμῶν
1251 1207 1417 1311 Χριστὸς

203 1312 305 1421 δωδαα,
368 1338 524 1437 Ἰησοῦς,
543 1338 606 1416 οὐκ
624 1333 734 1435 ἦλθεν
751 1339 788 1416 ἐν
806 1335 934 1444 κόμπῳΙ
957 1333 1177 1436 ἀλαζονείας,
1199 1336 1279 1417 οὐδὲ
1306 1340 1414 1439 ὑπερ·

369 1465 536 1570 ηφανίας,
575 1466 699 1567 καίπερ
738 1461 939 1561 δυνάμενος·
976 1462 1076 1542 ἀλλὰ
1110 1471 1414 1570 ταπεινοφμονῶν,

369 1591 485 1678 καθὼς
512 1591 553 1672 τὸ
583 1598 730 1691 Πνεῦμα
756 1591 799 1671 τὸ
820 1588 953 1693 Ἀγιον
977 1595 1056 1696 περὶ
1084 1594 1192 1672 αὐτοῦ
1218 1591 1415 1693 ἐλάλησεν·

370 1724 464 1827 φησὶ
491 1719 572 1825 γάρ,
602 1732 623 1767 “
635 1719 754 1822 Κύριε,
781 1722 835 1805 τίς
866 1720 1052 1801 ἐπίστευσε
1085 1725 1129 1826 τῇ
1166 1723 1256 1827 ἀκοῇ
1290 1723 1390 1821 ἡμῶν
1402 1753 1451 1819 35

371 1861 392 1897 “
410 1852 468 1928 καὶ
486 1853 506 1929 ὁ
524 1848 684 1953 βραχίων
705 1849 839 1951 Κυρίου
864 1850 932 1928 τίνι
954 1847 1213 1954 ἀπεκαλύφθη,
1247 1851 1414 1951 οἱνηγγεί·

372 1989 394 2024 “
411 1986 526 2076 λομεν
552 1978 708 2055 ἐναντίον
735 1977 842 2055 αὐτοῦ
873 1980 920 2061 ὡς
943 1978 1094 2073 παιδίον,
1128 1980 1175 2062 ὡς
1206 1976 1284 2081 ῥίζα
1309 1982 1347 2058 ἐν
1367 1981 1417 2085 γῇ

372 2114 394 2150 “
413 2104 573 2211 διψώσῃ·
617 2105 680 2182 οὐκ
709 2101 807 2182 ἔστιν
840 2100 929 2189 εἶδος
959 2105 1067 2210 αὐτῷ,
1102 2101 1181 2182 οὐδὲ
1217 2102 1321 2208 δόξα·
1360 2111 1418 2186 καὶ

374 2243 395 2279 “
412 2231 546 2330 εἴδομεν
578 2227 694 2327 αὐτόν,
725 2233 783 2308 καὶ
812 2233 875 2311 οὐκ
907 2226 997 2337 εἶχεν
1027 2227 1126 2326 εἶδος,
1157 2230 1235 2310 οὐδὲ
1268 2232 1418 2332 κάλλος,

374 2371 395 2406 “
424 2363 433 2386 2
498 2359 508 2386 h
567 2358 579 2385 Χ
634 2355 648 2390 5
771 2360 780 2384 ²
830 2367 846 2384 Α
885 2358 903 2389 2
1056 2363 1064 2385 t
1128 2365 1143 2380 Α
1323 2360 1333 2389 λ
1400 2362 1412 2389 Χ

413 2370 513 2439 αλλα
543 2395 585 2439 το
618 2362 707 2444 ειδος
738 2393 847 2438 auron
876 2394 1014 2459 ατιμον,
1046 2369 1209 2438 εκλειπον
1240 2395 1339 2466 παρα
1375 2396 1475 2443 roro

372 2649 452 2699 ατρον
471 2630 515 2696 τῆς
535 2627 716 2699 μεγαλωσύνης
732 2630 778 2680 τοῦ
799 2630 874 2696 θεοῦ,
915 2624 1001 2681 luisse
1029 2632 1133 2697 censet,
1160 2624 1247 2701 idque
1275 2625 1420 2703 Hierony·

373 2705 418 2765 vel
441 2706 517 2765 sieut
535 2707 571 2764 ab
591 2707 769 2783 Hieronymo
789 2705 875 2764 habe·
915 2725 995 2763 mum
1008 2705 1131 2765 latuisse.
1154 2706 1274 2764 WOTP.

373 2795 423 2847 tur
445 2788 594 2864 Soephwn
617 2789 694 2846 Dei:
725 2788 876 2863 Soeptrann
959 2806 984 2844 2.
1010 2791 1055 2844 οὐκ
1081 2787 1159 2857 ἦλθεν
1185 2790 1213 2843 ἐν
1239 2784 1340 2867 κόμπῳ]
1375 2787 1419 2848 Οἱ

374 2877 470 2927 autem
498 2869 617 2927 denotet
643 2869 755 2946 regium
787 2869 878 2945 impe·
919 2868 1010 2946 Epist.
1035 2870 1071 2927 αδ
1095 2868 1202 2946 Diogn.
1228 2870 1288 2946 ξπ.
1324 2875 1423 2927 Τοῦτον

376 2950 475 3019 rium;
505 2957 534 3008 et
557 2951 707 3026 sceptrum
733 2951 794 3021 Dei,
817 2950 878 3009 sive
917 2953 1086 3024 speculeris
1103 2950 1262 3008 ἀπέστειλεν.
1293 2948 1362 3024 ’Apa
1381 2976 1422 3026 γε,

375 3030 604 3108 quttl‘ficerttiae
625 3032 689 3104 Dei,
714 3032 877 3090 absolutum
918 3033 1145 3104 ὧςδνθρώπωνδν
1158 3055 1197 3090 τις
1216 3034 1360 3106 λογίσαιτο,
1379 3036 1422 3090 ἐπὶ

375 3112 456 3185 illud,
475 3120 504 3171 et
526 3133 692 3190 supremum
716 3113 877 3190 imperium,
918 3115 1044 3185 τυραννίδι
1054 3117 1095 3169 καὶ
1105 3117 1191 3189 φόβῳ,
1200 3116 1240 3170 καὶ
1250 3115 1422 3185 walteri,-

375 3195 453 3272 quod
475 3194 561 3266 Deus,
583 3200 598 3251 δ
620 3199 662 3252 ἐπὶ
682 3199 782 3253 πάντων
805 3198 878 3251 εὖλο-
919 3194 956 3250 Οὔ
969 3200 1067 3264 μενοῦν·
1089 3195 1147 3250 ἄλλ’
1162 3197 1189 3250 δν
1202 3197 1328 3268 ἐπιεικείᾳ,
1341 3195 1422 3269 πραΰ·

375 3280 460 3351 γητος,
490 3275 521 3332 in
555 3284 699 3335 creaturus
731 3276 878 3334 universas
917 3299 981 3346 τητι.

377 3363 514 3416 exercet:
549 3358 620 3416 adeo
648 3365 689 3429 ut,
716 3357 772 3416 nisi
800 3358 880 3416 Deus
961 3375 988 3430 3.
1004 3359 1094 3430 καίπερ
1110 3354 1255 3437 δυνάμενος]
1279 3357 1423 3434 Hierony-

376 3438 446 3516 ipse,
469 3458 555 3497 nemo
577 3439 668 3516 possit
688 3439 745 3497 diei
767 3442 797 3494 τὸ
819 3444 879 3510 only-
920 3457 992 3508 mus,
1006 3437 1056 3514 qui
1069 3439 1158 3498 vertit
1170 3438 1244 3496 hene
1262 3439 1423 3515 Epistolam

377 3545 457 3593 ατρον
470 3545 491 3577 κ.
504 3545 525 3576 τ.
538 3525 563 3579 λ,
601 3520 685 3594 Quod
699 3521 734 3578 ad
751 3520 879 3593 alteram,
921 3519 1031 3582 Latine.
1059 3519 1174 3579 videtur
1200 3520 1302 3597 legisse
1334 3524 1423 3594 καίπερ

377 3602 413 3660 de
439 3602 489 3659 illo
513 3601 644 3661 dicitur:
682 3605 727 3658 οὐκ
754 3602 831 3672 ἦλθεν
854 3606 881 3658 ἐν
919 3602 1323 3674 ndwatvvdyevos‚vertitenim
1332 3622 1424 3677 quum

377 3688 465 3760 κόμπῳ
479 3686 624 3752 ἀλαζονείας
643 3688 683 3741 καὶ
699 3686 879 3758 ὑπερηφανίας,
916 3683 1008 3758 possit
1021 3682 1128 3754 omnia,
1142 3684 1193 3742 ted
1203 3683 1238 3741 in
1250 3683 1422 3742 lemtim

378 3768 467 3838 καίπερ
481 3768 621 3837 δυνάμενος,
636 3786 701 3823 mom
716 3765 809 3841 poerit
822 3785 881 3823 om·
921 3763 998 3821 Eum
1019 3772 1134 3822 secutus
1157 3785 1229 3836 sum,
1252 3765 1322 3823 haee
1346 3765 1423 3823 enim

377 3847 439 3919 nio,
455 3846 573 3906 Hieron.
597 3847 790 3927 (omnipotens
803 3847 881 3905 enim
920 3844 1005 3904 lectio
1024 3845 1110 3922 longe
1130 3845 1253 3918 clarior;
1275 3854 1304 3906 et
1324 3866 1424 3905 revera

378 3925 435 4006 est)
454 3930 522 3984 ἀλλὰ
541 3934 752 4002 ταπεινοφρονῶν.
794 3927 882 3986 Vide·
920 3931 1002 3983 πάντα
1028 3927 1143 3986 uidetur
1172 3927 1219 3986 hic
1246 3927 1424 4002 doeiderali5

378 4016 428 4067 tur
456 4009 484 4068 S.
500 4009 586 4068 Pater
612 4029 680 4087 pree
708 4009 796 4067 oeulis
823 4010 882 4067 suis
921 4027 988 4065 nem
1001 4010 1144 4081 δυνάμενος,
1158 4010 1182 4067 si
1196 4010 1288 4067 solum
1302 4009 1424 4087 legatur,

378 4089 510 4148 hahuisse
525 4091 596 4149 Phil.
613 4091 634 4148 ii
649 4093 736 4148 6-8.
771 4089 882 4149 Sufficit
921 4089 1068 4148 videretur
1091 4089 1251 4167 significare
1275 4090 1424 4150 Christum

379 4178 410 4231 et
429 4171 475 4230 hie
496 4172 574 4230 locus
594 4173 630 4229 ab
645 4171 824 4249 Hieronymo
841 4171 880 4230 ei·
917 4171 1044 4246 potuisse
1056 4172 1152 4229 venire
1163 4173 1199 4230 in
1211 4172 1360 4248 jactantia
1375 4193 1424 4231 εα-

379 4261 457 4311 tatus
478 4253 515 4310 αδ
542 4253 725 4312 refellendam
747 4253 882 4330 objectio-
918 4252 1042 4328 pertiae,
1061 4254 1139 4328 quod
1157 4273 1257 4312 verum
1278 4273 1336 4312 nou
1358 4263 1403 4313 est
1415 4275 1423 4326 ς

379 4354 445 4392 nem
460 4333 605 4412 Anonymi
626 4332 710 4415 [Edv.
727 4331 877 4414 Bemurd.]
923 4333 991 4409 quia
1014 4353 1071 4391 non
1089 4335 1208 4394 decebat
1230 4355 1296 4394 eum
1314 4335 1425 4412 jactam

378 4416 500 4492 petitam
513 4437 550 4476 ex
564 4416 712 4476 Clemente
722 4415 806 4474 Alex.
817 4436 882 4474 cou-
923 4415 1043 4492 superbe
1059 4416 1218 4491 potentiam
1236 4436 1324 4475 suam
1367 4416 1426 4476 Sed

378 4504 425 4555 tra
438 4498 643 4557 authoritatem
662 4505 692 4557 et
704 4498 882 4557 authentiam
923 4504 1001 4555 reete
1010 4496 1118 4555 dixeris
1129 4497 1284 4570 Christum,
1293 4498 1427 4574 quesnois

379 4577 465 4655 hujus
492 4579 660 4656 Epistolae;
694 4580 779 4638 modo
806 4579 883 4638 enim
923 4580 1024 4636 onnia
1039 4579 1139 4654 possit,
1152 4579 1300 4638 humiliter
1319 4599 1350 4638 se
1363 4599 1427 4657 ges·

380 4661 522 4738 cumipse
540 4661 593 4719 hae
611 4662 647 4719 de
667 4682 698 4720 re
719 4661 883 4729 sentiamus,
924 4659 1000 4717 sisse.
1018 4659 1126 4718 GUIL.
1143 4660 1317 4720 BURTON.
1360 4662 1426 4720 Hoc

380 4740 427 4799 hie
440 4743 526 4813 loeus,
541 4763 630 4820 quum
645 4743 675 4800 in
689 4743 803 4802 citando
817 4762 884 4801 eum
924 4741 987 4799 loeo
1008 4741 1084 4800 inter
1111 4742 1182 4801 alios
1208 4743 1302 4801 utitur
1325 4741 1427 4801 Bullus

381 4821 595 4883 Alexandrinus
628 4845 685 4883 una
718 4845 784 4883 eum
821 4824 884 4883 aliis
924 4843 981 4899 quo
1008 4830 1124 4882 tueatur
1152 4824 1329 4883 Clementem
1362 4844 1426 4883 nos

381 4906 614 4980 praetenuiserit‚
653 4906 799 4965 habendus
840 4913 884 4964 est
924 4911 1011 4978 trum,
1032 4924 1049 4961 a
1072 4905 1174 4964 Photio
1198 4906 1321 4964 haeresis
1336 4925 1428 4982 quou-

382 4984 578 5061 intsrpolatua.
619 4988 715 5046 Sensit
732 4988 787 5046 hoo
806 4987 885 5047 Ano-
924 4985 991 5044 dam
1017 4985 1153 5046 advenas
1180 4986 1288 5046 Christi
1315 4987 1428 5046 Divini-

383 5085 494 5142 nymus,
506 5068 626 5145 ideoque
636 5078 704 5128 unte
713 5069 885 5147 Hieronymi
924 5074 1017 5126 tatem
1033 5077 1204 5145 suspectum.
1249 5068 1363 5128 ‘Loeua
1380 5068 1427 5128 hio

382 5154 497 5224 tempus
511 5149 670 5226 Epistulam
684 5151 887 5227 interpolatam
928 5148 1123 5223 ‘Clementis'
1162 5149 1203 5208 sie
1244 5151 1344 5210 scribit
1382 5150 1428 5208 vir
