3250 6617
581 1078 796 1142 ensium
820 1076 867 1156 11,
891 1077 911 1139 i.
1204 1076 1264 1138 aar

228 1276 360 1335 camus,
389 1251 591 1325 nescientes
624 1253 722 1325 unde
756 1251 875 1325 vocati
911 1250 1035 1335 simus,
1064 1259 1152 1322 eta
1185 1274 1268 1346 quo,

229 1378 268 1441 et
301 1369 339 1441 in
373 1393 483 1466 quem
516 1367 644 1454 locum,
671 1378 711 1441 et
739 1380 879 1468 quanta
912 1365 1130 1441 sustinuerit
1158 1364 1269 1438 Jesus

230 1484 400 1560 Christus
422 1484 501 1582 pati
527 1493 677 1583 propter
696 1510 770 1558 nos.
821 1484 942 1575 Quam
967 1482 1083 1581 igitur
1107 1507 1173 1554 nos
1198 1480 1268 1579 ipsi

228 1600 395 1676 dabimus
419 1600 758 1685 remunerationem,
778 1610 846 1673 aut
869 1624 979 1698 quem
1004 1600 1165 1672 fructum
1189 1596 1269 1697 dig-

229 1746 318 1793 num
344 1744 469 1792 eorum
496 1743 589 1816 quae
616 1715 720 1790 nobis
749 1717 828 1815 ipse
848 1716 980 1790 deditl
1011 1716 1162 1807 Quanta
1184 1741 1270 1788 vero

229 1835 264 1908 ei
292 1834 467 1909 debemus
490 1832 692 1908 beneficiat
728 1833 826 1907 Nam
850 1832 969 1906 lucem
988 1833 1093 1906 nobis
1114 1831 1270 1932 largitus

231 1962 297 2038 est,
333 1962 522 2049 tamquam
562 1961 668 2050 pater
707 1950 800 2024 filios
842 1977 908 2023 nos
946 1948 1155 2048 appellavit,
1189 1976 1270 2048 per-

231 2077 361 2143 euntes
386 2094 452 2142 nos
477 2068 647 2142 servavit.
699 2066 855 2159 Qualem
879 2067 948 2166 ipsi
970 2066 1116 2140 laudem
1133 2066 1269 2140 tribue-
1283 2079 1432 2141 Pscxviu·

229 2210 320 2269 mus,
340 2194 407 2257 aut
431 2184 633 2258 mercedem
658 2209 731 2281 qua
756 2209 1029 2282 compensemus
1054 2209 1147 2280 quae
1172 2209 1267 2257 acce·

229 2301 378 2400 pimus?
404 2301 468 2400 qui
493 2310 617 2374 mente
642 2326 785 2373 eramus
811 2299 958 2384 debiles,
975 2309 1014 2372 et
1029 2299 1269 2372 adorabamus

228 2418 376 2517 lapidee,
394 2416 503 2516 ligna,
524 2444 665 2502 annun,
690 2426 895 2516 argentum,
921 2427 1033 2514 atque
1058 2442 1130 2501 aes,
1155 2415 1268 2489 homi·

230 2562 319 2609 num
347 2561 479 2634 opera;
507 2545 546 2608 et
576 2515 667 2607 tota⁴
685 2544 811 2607 nostra
840 2533 918 2606 vita
945 2532 1035 2606 nihil
1064 2532 1165 2606 aliud
1190 2542 1269 2605 erat

229 2677 339 2750 quam
352 2678 457 2724 mors.
510 2649 744 2725 Obscuritate
762 2650 888 2747 itaque
906 2648 1129 2733 circumdati,
1148 2658 1186 2721 et
1202 2645 1269 2720 tali

229 2767 383 2866 caligine
400 2766 550 2866 plenum
567 2766 745 2840 habentes
762 2766 892 2850 visum,
906 2766 1141 2865 respeximus,
1155 2765 1270 2864 ipsius

230 2883 420 2958 voluntate
442 2885 667 2983 deponentes
691 2908 772 2956 eam
801 2910 874 2981 qua
897 2883 1133 2984 cingebamur
1157 2882 1269 2955 nebu·

231 2999 312 3075 lam
365 3000 463 3074 Nam
491 3000 686 3073 miseratus
715 3009 773 3072 est
794 3026 870 3085 nos,
891 3011 930 3074 et
953 3001 1152 3075 visceribus
1176 3026 1266 3074 ccm-

231 3128 354 3191 motus
371 3117 490 3191 salvos
506 3116 604 3203 fecit,
621 3143 735 3215 quum
752 3116 791 3188 iu
807 3116 912 3190 nobis
934 3117 1093 3191 multum
1114 3143 1269 3191 errorem

231 3261 273 3309 ac
313 3234 506 3309 interitum
539 3243 749 3332 spectasset,
782 3260 848 3308 nec
884 3231 997 3307 ullam
1038 3261 1104 3307 nos
1137 3233 1270 3306 habere

230 3350 360 3425 salutis
376 3377 489 3450 spem,
506 3350 579 3423 nisi
595 3376 675 3423 eam
691 3376 785 3448 quae
801 3350 848 3424 ab
865 3351 952 3449 ipso,
996 3349 1157 3423 Vocavit
1172 3349 1269 3422 enim
1286 3365 1434 3426 somam.

232 3494 298 3541 1108
314 3467 380 3567 qui
396 3494 469 3541 non
486 3493 640 3551 eramus,
658 3475 698 3539 et
714 3465 833 3539 voluit
850 3494 870 3539 e
886 3465 999 3539 nihilo
1017 3492 1095 3538 esse
1112 3492 1186 3538 nos.
1284 3433 1375 3481 ⁰⁸⁰⁰¹¹
1388 3446 1426 3492 ²³·

274 3707 544 3790 audacioribus]
567 3710 614 3768 Ita
633 3709 730 3785 legen·
771 3708 812 3765 ita
840 3708 887 3784 qui
924 3707 1066 3766 mandatis
1099 3708 1160 3785 ojus
1191 3709 1271 3767 obse

232 3791 302 3849 dum
318 3792 451 3850 viderunt
470 3791 603 3849 Editores
623 3810 729 3849 omnes.
771 3797 907 3866 quuntur,
917 3796 946 3846 et
955 3788 1072 3865 pietatis
1086 3789 1177 3847 officia
1190 3810 1270 3866 prae-

233 3871 303 3930 Ood.
330 3873 431 3931 MStus
465 3872 729 3931 exhibetn010YN
771 3878 857 3941 stant,
892 3891 949 3927 uon
982 3870 1161 3929 incommode
1195 3871 1271 3929 vices

233 3953 308 4013 sicut
334 3954 364 4011 in
392 3953 483 4031 Epist.
516 3954 602 4030 prior.
640 3953 655 4029 ᾗ
684 3972 731 4027 30,
772 3952 876 4010 referre
894 3960 923 4010 et
937 3952 1096 4011 mercedem
1115 3952 1271 4030 rependero

234 4045 354 4091 ΑΙῚΟΥΝ
379 4055 432 4112 pro
455 4037 543 4109 Ἀγίου
567 4036 617 4093 οὖν.
661 4034 731 4093 Mox
772 4041 947 4093 censeantur.
963 4033 1072 4092 FELL.
1104 4034 1270 4107 Cotelerius‚

233 4118 332 4186 μίσθων
357 4118 516 4189 ἀντιμισθίαν
543 4116 658 4193 conjicit
679 4116 731 4174 Ju·
772 4116 842 4174 dum
870 4116 968 4175 literae
995 4124 1081 4175 tenax
1114 4136 1174 4174 esse
1199 4116 1270 4188 vult,

233 4197 304 4254 nius.
774 4197 931 4257 Clementis
944 4197 1115 4257 sententiam
1134 4218 1191 4255 non
1208 4198 1271 4256 red-

272 4278 310 4336 lb.
346 4281 440 4347 μισθὸν
469 4276 639 4359 ἀπιμισθὶας]
678 4279 733 4338 Lo-
773 4279 824 4338 dit.
868 4280 964 4339 Vertit
977 4278 1160 4352 Ventidium,
1174 4280 1218 4337 vd
1229 4300 1271 4337 re-

234 4359 312 4418 cutio
333 4360 464 4418 desumto
485 4380 521 4418 ex
544 4361 645 4419 Psalm.
668 4361 734 4420 cxvi
773 4361 940 4419 tributorem
952 4361 1272 4436 mroedamobaaqaae

240 4459 283 4511 12,
321 4438 359 4521 [τί
387 4445 559 4498 ἀνταποδώσω
586 4449 621 4519 τῷ
650 4446 734 4519 Κυρίῳ
773 4444 939 4518 attollimus.
962 4442 1100 4501 COUST.

233 4527 292 4595 περὶ
312 4526 412 4580 πάντων
426 4526 460 4578 ὧν
477 4525 634 4580 ἀνταπέδωκὲ
652 4550 694 4594 μοι
707 4527 729 4599 ;]
815 4544 841 4599 9.
857 4529 932 4597 πηροὶ
952 4526 1034 4593 ὄντες]
1056 4533 1147 4581 merite
1163 4522 1271 4594 debile-5,

235 4624 308 4680 quae
322 4604 363 4662 ita
376 4605 485 4663 auctori
503 4612 601 4663 nostro
617 4605 732 4682 placuit,
773 4604 791 4662 i,
804 4625 827 4664 c.
844 4606 925 4663 ccwci
962 4604 1009 4662 Sic
1024 4604 1135 4662 Birrius
1149 4625 1165 4663 o
1179 4604 1270 4662 Gloss.

235 4694 269 4743 ut
292 4706 356 4744 eam
374 4696 419 4745 ter
439 4688 468 4744 in
493 4686 573 4744 brevi
594 4686 646 4745 hac
665 4687 733 4764 Epi·
774 4686 872 4763 Cyrill.
884 4696 914 4745 et
925 4686 1047 4762 Hesych.
1065 4685 1232 4744 GALLAN
1235 4685 1270 4742 D.

234 4767 308 4825 stola
324 4767 497 4844 repetiverit.
541 4768 731 4841 Quemadmo-
773 4768 885 4825 Boisius
900 4767 997 4825 mallet
1009 4772 1085 4841 πηροὶ
1105 4771 1274 4842 ίτνγχάνομιν

235 4848 304 4906 dum
332 4849 409 4907 euim
436 4849 484 4925 qui
513 4850 567 4907 Dei
594 4850 733 4927 patientia
772 4851 1002 4921 ὅνιιιιῄδιιινοίᾳ.

234 4931 401 5001 abutuntur,
416 4938 445 4988 et
465 4930 581 5007 flagitiis
601 4931 637 4988 ad
660 4931 732 4988 iram
818 4949 861 5001 14.
876 4926 1048 5008 περικείμεθα]
1064 4930 1133 4989 Intt.
1149 4950 1202 5006 pro
1216 4929 1272 4987 lor-

234 5019 398 5087 provocant‚
413 5011 547 5071 dicuntur
567 5012 660 5089 ipsum
674 5032 730 5069 ser·
773 5031 821 5069 ma
842 5010 941 5069 Ionica
962 5010 1121 5088 imperfecti
1140 5010 1272 5070 habuisse

233 5093 322 5151 viam
340 5112 475 5169 precem,
503 5093 577 5152 Esai.
602 5093 664 5151 xliii
686 5112 732 5164 24,
773 5092 917 5151 videntur.

234 5184 264 5232 et
288 5174 338 5251 qui
359 5175 531 5251 pauperibus
551 5175 731 5245 subveniunt,
818 5193 861 5247 17.
885 5177 976 5230 ίλπίδιι
997 5177 1101 5247 ἔχονται
1122 5176 1270 5248 σωτηρίαι,]

225 5254 377 5329 foenerari
406 5256 476 5321 Deo,
502 5256 583 5314 Prov.
610 5256 660 5313 xix
687 5269 732 5330 17,
773 5265 1079 5313 ΕΛΠΙΔΑΝΕΧΟΝΤΕΣ
1093 5255 1202 5315 MStus.
1227 5254 1271 5314 of.
