3250 6617
407 1084 470 1151 AD
491 1083 782 1165 CORINTHIOS,
798 1086 884 1151 xlvii.
1104 1084 1166 1153 177

133 1254 326 1359 Evangelii
354 1260 525 1359 sempsit?
551 1260 662 1335 Certe
687 1260 866 1334 divinitus
890 1259 1098 1360 inspiratus,
1123 1256 1168 1331 de

131 1374 262 1475 seipso,
291 1374 338 1449 de
368 1374 503 1476 Cepha
533 1386 572 1451 et
602 1376 744 1476 Apollo,
777 1403 842 1476 per
875 1376 1078 1475 Epistolam
1105 1401 1169 1448 vos
1182 1383 1282 1497 &Coti
1296 1396 1326 1434 ¹0

131 1492 287 1579 monuit,
319 1492 407 1592 quia
439 1493 550 1567 etiem
583 1504 664 1567 tum
699 1493 796 1567 inter
829 1520 893 1567 vos
928 1493 1102 1567 factiones
1132 1501 1171 1565 et
1220 1466 1256 1513 'q'

132 1607 295 1707 partium
316 1609 441 1683 studia
463 1609 618 1685 fuerent
669 1608 808 1684 Verum
834 1609 944 1684 factio
968 1608 1030 1682 illa
1050 1608 1171 1681 minus

132 1722 237 1798 vobis
265 1735 454 1823 peceatum
482 1726 636 1814 intulit;
663 1726 702 1799 in
727 1726 922 1825 Apostolos
948 1726 1044 1799 enirn
1069 1752 1170 1824 prae-

130 1838 228 1913 claro
256 1840 465 1916 testimonio
498 1842 665 1929 celebres,
695 1852 735 1916 et
763 1842 885 1915 virum
913 1843 959 1916 ab
989 1841 1059 1915 illis
1088 1868 1168 1941 pro

131 1954 261 2031 batum
277 1958 408 2033 animis
429 1957 717 2058 propendebatis.
769 1958 879 2033 Nunc
896 1985 981 2032 vero
1004 1958 1067 2058 qui
1084 1958 1168 2049 sint,

177 2238 201 2277 r.
235 2216 417 2301 πνευματικῶν]
451 2212 567 2281 Monitu
601 2230 631 2281 et
671 2221 821 2293 Eusebius,
845 2221 874 2280 in
897 2221 959 2279 loco
982 2240 1000 2278 ο
1026 2220 1169 2279 cotelerio

131 2298 223 2359 ductu
235 2300 360 2377 Spiritum
373 2301 478 2361 Sancti.
671 2303 805 2375 indioeto,
840 2302 942 2361 recitat
973 2302 1169 2360 testimonium

175 2401 202 2440 2.
230 2386 271 2439 ml
294 2384 384 2457 Κηφᾶ]
414 2382 492 2443 Hine
518 2392 631 2443 constat
672 2384 828 2443 Clementis
855 2383 937 2442 Alex.
968 2383 1115 2460 Hypotyp.
1141 2403 1167 2440 v.

132 2461 269 2541 Oepbam,
292 2483 310 2521 a
332 2464 360 2523 S.
383 2463 472 2524 Paulo
493 2484 631 2524 memora·
672 2465 753 2525 Ooni
783 2465 976 2543 chrysostom.
1006 2460 1113 2522 Hamil
1139 2464 1169 2522 in

131 2550 206 2617 tum,
223 2546 254 2619 [1
271 2544 336 2605 Cor.
353 2545 363 2603 i
380 2564 425 2617 12,
445 2545 479 2603 iii
495 2543 555 2626 η]
574 2566 632 2605 non
674 2547 735 2606 Gal.
748 2547 777 2605 ii.
793 2565 838 2619 11,
850 2546 924 2624 Opp.
940 2554 1008 2606 tom.
1025 2546 1055 2603 iii
1070 2566 1096 2623 p.
1110 2548 1168 2619 362

131 2624 220 2685 fuisse
236 2626 398 2685 eliumaS.
414 2626 500 2686 Petro
512 2648 520 2699 ;
538 2627 633 2705 inquit
672 2629 716 2686 ert
731 2628 836 2687 Bened.
873 2628 959 2686 Plura
972 2628 1007 2686 de
1020 2627 1073 2685 hac
1086 2647 1169 2704 quae·

131 2706 221 2767 enim.
234 2706 367 2767 Clemens
390 2710 560 2768 ’Ammo'tmr
581 2713 632 2784 γὰρ
671 2710 765 2769 stione
792 2710 872 2768 dabit
895 2708 1027 2767 Vallarsii
1053 2715 1170 2767 annota-

130 2790 336 2863 προσνιλίθηνεε
357 2809 449 2867 neque
463 2790 557 2849 locum
570 2810 631 2849 esse
670 2791 721 2851 tio.
744 2790 819 2850 Cum
831 2792 969 2849 Wottono
983 2797 1012 2849 et
1026 2789 1170 2850 Cotelorio

132 2868 316 2947 explicationi
336 2870 515 2944 Theodoreti,
540 2870 631 2949 Chry·
670 2880 750 2931 stant
773 2870 967 2944 Constantius,
994 2880 1023 2931 et
1051 2871 1170 2930 Guiliel·

131 2950 259 3023 soetomi,
287 2957 317 3010 et
340 2950 552 3030 Theophylaoti,
581 2953 631 3031 qui
671 2973 735 3011 mus
748 2953 868 3024 Burton,
883 2954 931 3030 qui
953 2952 1084 3012 salmasii
1102 2973 1168 3012 auc·

131 3032 235 3092 volunt
255 3032 284 3091 s
301 3033 422 3091 Paulum
441 3053 525 3092 usum
545 3034 632 3093 fuisse
671 3035 790 3094 toritate
810 3034 921 3094 nititur.
957 3059 984 3090 τε
1004 3042 1071 3113 post
1093 3040 1170 3109 Κηφᾶ

131 3114 339 3191 prosopopoeia
351 3113 388 3172 ad
401 3113 574 3187 Corinthios,
584 3135 630 3175 ea-
672 3116 781 3193 primus
789 3116 915 3175 restituit
920 3116 1080 3185 Wottonus,
1085 3136 1169 3192 quem

131 3212 189 3273 qne
213 3194 253 3253 sd
284 3195 420 3273 seipsum,
448 3196 574 3268 Petrum,
602 3204 632 3255 et
671 3198 761 3257 secuti
774 3205 843 3256 sunt
857 3197 985 3255 Galland.
1003 3197 1166 3256 Schoenem.

132 3274 239 3354 Apollo
270 3276 457 3350 transtulisse,
489 3297 562 3355 quae
595 3278 632 3336 de
672 3278 765 3338 Helel.
776 3278 950 3356 Reithmayr.
961 3286 991 3337 et
1000 3278 1166 3337 Dresselius.

131 3356 197 3417 ullis
215 3356 337 3417 dloendu
355 3366 456 3431 essent,
473 3366 508 3418 ul:
527 3359 632 3418 celaret
713 3381 739 3433 4.
761 3362 777 3432 ἢ
800 3365 954 3431 πρόσκλισιν
981 3357 1071 3440 ἐκείνη]
1096 3360 1166 3419 (lod.

131 3456 358 3499 remeassem
371 3448 401 3499 et
411 3440 488 3517 ipsos
498 3440 632 3499 authores
672 3440 775 3500 MStus
806 3451 1043 3499 nrozrmrrssrs.
1095 3442 1167 3499 Rus-

133 3518 302 3581 Sobismatis
322 3522 399 3599 quod
422 3521 499 3600 apud
519 3542 568 3580 eos
587 3541 632 3580 or·
671 3522 764 3594 sellus,
784 3521 958 3594 (lallandius,
978 3530 1007 3581 et
1028 3522 1167 3582 Schoene-

132 3606 196 3661 tum
216 3600 279 3661 fuit.
322 3602 434 3677 Quibus
451 3603 560 3662 aceedit
573 3603 631 3663 Til-
670 3623 791 3662 mannus
804 3611 870 3681 post
883 3605 1052 3663 Wottonum
1068 3604 1169 3682 legunt

131 3682 294 3757 lemontlus,
312 3684 369 3743 vid.
391 3683 462 3743 Not.
484 3687 522 3760 36
544 3685 579 3743 do
601 3684 629 3743 S.
671 3687 686 3756 'l
709 3690 865 3759 πρόσκλισιν
887 3687 902 3756 ἡ
926 3688 1003 3755 ἐκείνη
1015 3705 1023 3756 ;
1044 3693 1075 3743 at
1096 3686 1166 3745 (lod.

133 3764 227 3825 Petro.
270 3764 427 3825 Contendit
436 3766 524 3825 etiam
538 3766 567 3825 S.
580 3765 631 3825 Pe-
672 3766 774 3825 MStus
787 3766 937 3824 lectionem
951 3786 968 3823 a
981 3766 1069 3824 lunio
1090 3768 1167 3825 erul-

132 3852 212 3905 uum
233 3864 293 3905 non
315 3846 504 3925 Evangelium
531 3846 632 3906 Corin-
671 3856 769 3926 getam
782 3847 905 3905 exhibet
936 3846 1002 3904 Vox
1015 3852 1170 3921 πρόσκλισιν

131 3926 202 3987 thiis
220 3926 418 4005 prsedioesse3
439 3936 469 3988 et
487 3948 543 4001 eos,
557 3928 632 4006 siqui
672 3929 780 4007 legitur
791 3949 885 4006 supra,
899 3947 925 4004 p.
944 3929 991 4003 96,
1012 3929 1029 3986 l.
1047 3930 1073 3986 6.

133 4006 213 4069 Petri
235 4028 268 4068 se
289 4008 376 4068 trisse
399 4009 542 4081 dixerunt,
566 4029 632 4068 eum
712 4011 749 4069 ib.
764 4012 840 4083 ηπον
852 4007 983 4090 ἁμαρτίαν]
1002 4009 1168 4088 Legendum

130 4088 345 4149 slr‘bisudiisse.
367 4090 431 4151 Nos
445 4090 631 4165 Clementem,
671 4094 764 4163 ἥττονα
786 4094 914 4167 ἁμαρτίαν.
957 4091 1005 4150 Sic
1032 4092 1109 4169 apud
1136 4092 1166 4149 S.

131 4170 183 4250 qui
203 4178 235 4231 et
257 4171 319 4249 ipse
341 4180 406 4231 tum
429 4172 547 4231 Petrum
567 4180 632 4232 tum
671 4174 754 4231 Joan.
780 4173 832 4231 xix
854 4188 898 4246 11,
929 4174 1117 4246 despumante
1136 4198 1168 4244 με

132 4250 255 4311 Paulum
276 4254 385 4313 Romae
408 4253 508 4327 audiit,
526 4253 580 4312 hae
601 4255 631 4312 in
672 4259 715 4311 σοὶ
734 4256 835 4326 μείζονα
854 4256 976 4330 ἁμαρτίαν
990 4258 1051 4328 ἔχει.
1088 4254 1167 4312 Omi-

131 4334 371 4413 rapotiusquem
380 4334 632 4394 istorumineertes
672 4336 719 4409 sit,
745 4343 779 4395 ut
805 4335 847 4407 fit,
874 4335 1005 4393 librarius
1035 4334 1168 4393 ultimam

130 4416 319 4494 oonjeetures,
332 4415 484 4494 sequimur.
507 4415 630 4475 WOTT.
672 4416 775 4494 prioris
790 4416 868 4475 vocis
891 4416 1010 4489 literam,
1033 4418 1110 4495 quod
1131 4418 1168 4475 ab

131 4494 219 4573 Quod
231 4496 305 4555 alius
318 4496 431 4575 cephas
445 4517 464 4556 a
477 4496 563 4557 Petro
583 4517 632 4575 ag·
673 4498 771 4557 eedem
790 4498 875 4556 litera
886 4518 942 4556 vox
962 4498 1104 4575 posterior
1123 4516 1166 4557 or-

131 4578 212 4637 nosoi
235 4597 294 4637 non
317 4578 428 4652 debeat,
450 4598 503 4637 nos
528 4578 632 4639 docent
671 4578 788 4637 diretur.
811 4578 943 4636 DAVIS.
997 4578 1081 4638 Hane
1102 4600 1166 4638 oon-

132 4658 338 4737 Hierouymus,
362 4656 413 4741 [ad
433 4660 527 4719 Galat.
546 4660 567 4717 ii
588 4680 631 4732 11,
667 4660 810 4738 jeoturam
824 4658 933 4717 Davisii
953 4659 982 4716 in
1000 4668 1168 4719 contextum

131 4738 280 4903 ἣὲρρ.
293 4741 628 4881 ἒὲἀίἶιίἐ,Τρωρίριξῃξξ
670 4741 847 4881 ἰάυιρίοοτιιρο
862 4740 990 4799 Helelius
1007 4748 1037 4800 et
1051 4740 1167 4801 Dresse

622 4867 630 4896 ,
727 4868 733 4880 .

130 4908 164 4965 οἱ
189 4902 344 4963 Amlmus
369 4904 408 4963 ad
434 4902 497 4963 Gal.
525 4904 555 4975 ll,
582 4904 630 4962 ubl
713 4907 739 4962 8.
761 4906 791 4959 rt
815 4906 909 4974 σεμνὸν
929 4907 973 4974 τῆς
999 4906 1164 4979 περιβοήτου]

132 4984 306 5045 warmarium
348 4985 483 5045 refellunt
518 4992 631 5044 senten-
671 4984 752 5044 Conl.
767 5003 861 5062 supra,
875 4987 937 5061 p.8
957 4984 974 5042 1.
994 5002 1018 5051 1,
1032 4989 1062 5041 τὸ
1075 4992 1168 5057 σεμνὸν

131 5064 226 5139 timu
256 5066 293 5127 (le
318 5086 376 5146 qua
402 5067 517 5126 oonsule
543 5065 630 5125 etlam
671 5071 712 5124 καὶ
734 5069 887 5139 περιβόητον
908 5069 948 5121 καὶ
971 5070 1049 5123 πᾶσιν
1072 5069 1168 5143 ἀνθρώ·

132 5146 300 5217 Eusebium,
312 5148 351 5207 Η.
363 5148 398 5208 Ε.
409 5148 420 5207 l
433 5168 478 5207 12.
493 5147 628 5208 COTEL.
671 5172 728 5207 ποις
741 5149 911 5223 ἅξιογᾶπητον
920 5149 996 5219 ὄνομα
1011 5150 1084 5219 ὑμῶν.

175 5260 246 5307 ἺΟΙ..
264 5263 286 5308 Ι.
714 5264 734 5306 A
749 5266 768 5307 8
