3250 6617
545 1082 607 1145 An
630 1082 920 1164 CORINTHIOS,
943 1085 985 1148 iv.
1246 1089 1287 1154 19

248 1253 350 1326 fonte
372 1252 481 1338 zelus,
499 1261 538 1326 et
554 1252 703 1340 invidia,
721 1263 760 1327 et
776 1255 971 1341 contentio,
990 1265 1029 1329 et
1049 1256 1191 1341 seditio
1208 1283 1287 1355 per·
1306 1278 1444 1339 mam.

248 1369 395 1456 secutio,
417 1379 456 1443 et
480 1369 681 1457 commotio,
707 1369 853 1456 bellum,
872 1381 910 1443 et
935 1372 1140 1470 captivitas,
1165 1399 1288 1446 mana·

249 1496 345 1561 runt.
397 1486 457 1561 Sic
473 1485 564 1560 viles
582 1497 621 1560 et
636 1486 782 1586 inglorii
798 1496 925 1561 contra
945 1487 1140 1563 honoratos
1158 1500 1197 1563 et
1212 1489 1289 1590 glo-
1302 1511 1360 1559 Ειι.
1373 1510 1430 1572 ins.

248 1605 371 1692 riosos,
392 1603 444 1677 sic
467 1603 683 1702 insipientes
708 1613 835 1677 contra
859 1604 1053 1703 sapientes
1075 1615 1114 1679 et
1133 1607 1290 1705 juvenes

248 1729 375 1794 contra
402 1719 562 1794 seniores
588 1719 874 1794 insurrexerunt
927 1721 1035 1795 Hanc
1062 1721 1108 1795 ob
1134 1748 1291 1810 causam,

249 1835 373 1935 procul
402 1836 539 1911 absunt
561 1835 711 1935 justitia
740 1846 779 1910 et
807 1863 892 1935 pax,
922 1835 1012 1910 dum
1041 1838 1291 1939 unusquisque

250 1951 322 2026 Dei
342 1952 511 2026 timorem
532 1951 685 2039 deserat,
703 1962 743 2025 et
762 1951 802 2025 in
823 1951 896 2026 fide
916 1952 996 2052 ejus
1020 1955 1209 2042 caecutiat,
1230 1981 1291 2030 ne

249 2069 385 2168 quein
409 2068 591 2144 institutis
620 2079 898 2168 praeceptorum
923 2069 1003 2169 ejus
1027 2070 1201 2158 ambulet,
1226 2081 1293 2147 aut

249 2187 365 2261 vitam
383 2186 531 2262 Chn‘stc
556 2186 706 2286 dignam
731 2186 868 2286 degat3
895 2187 960 2261 sed
984 2187 1185 2262 secundum
1210 2215 1292 2288 pra

250 2329 315 2376 vas
335 2302 452 2401 ipsius
473 2303 782 2402 concupiscentias
802 2303 959 2390 incedat,
981 2303 1144 2402 iniquam
1167 2314 1206 2379 et
1226 2305 1293 2377 im-

250 2419 350 2518 piam
378 2419 556 2494 invidiam
585 2419 713 2494 fovens
748 2428 787 2493 et
820 2418 1053 2518 amplectens,
1077 2446 1152 2517 per
1181 2447 1294 2518 quam
1305 2440 1442 2505 ειμῑῑιι.

250 2563 350 2611 mors
374 2535 415 2610 ic
440 2535 622 2611 mandam
647 2535 811 2610 introvit.

300 2653 368 2728 IV.
395 2653 455 2728 Sic
480 2652 578 2727 enim
602 2652 779 2752 scriptum
804 2661 872 2739 est,
894 2652 943 2727 Et
959 2653 1111 2750 sactum
1136 2666 1186 2728 est
1205 2668 1292 2751 post
1303 2664 1367 2715 Gen·
1381 2664 1408 2713 iv

249 2769 341 2859 dics,
367 2770 492 2846 obtulit
518 2769 615 2847 Caio
641 2796 685 2844 ea
701 2768 893 2867 fructibus
918 2782 1039 2844 terrac
1064 2731 1375 2868 sacrficium*

250 2887 423 2963 Domino.
466 2887 560 2962 Abel
576 2899 700 2961 cutem
717 2885 843 2960 obtolit
860 2897 893 2958 et
910 2884 989 2982 ipsc
1006 2884 1052 2959 de
1063 2885 1293 2985 pontopont-

250 3004 299 3078 tis
316 3003 439 3078 oviam
455 3030 621 3091 accrum,
639 3016 671 3077 et
689 3001 869 3098 adipibus
885 3027 1023 3075 cotom.
1067 3001 1117 3077 Et
1134 3004 1294 3102 respeait

251 3120 355 3195 Deua
383 3146 497 3218 super
520 3119 622 3206 Abel,
648 3131 681 3193 et
710 3143 823 3216 super
848 3143 1005 3191 munero
1035 3119 1119 3216 ejus.
1170 3121 1296 3220 Super

251 3337 395 3415 etinEp.
414 3336 673 3416 adPhilipp.i27.
706 3337 753 3397 Sic
794 3335 1038 3419 xxxiv[xviii3.]
1078 3338 1186 3398 MlLL

253 3418 342 3478 olem.
352 3418 434 3478 Alex
447 3419 483 3478 de
496 3419 515 3478 J
517 3439 609 3478 caune
622 3419 705 3497 Bapt.
718 3424 754 3479 εἰς
838 3438 882 3478 12.
898 3416 1077 3499 ἀνειληφότας]
1098 3420 1185 3480 Forte
1198 3422 1295 3493 ἆνειλτΓ

253 3503 280 3558 δὲ
290 3503 337 3572 τὴν
346 3504 439 3575 ἔρημον
446 3505 491 3573 τῆς
505 3504 617 3576 ἐρημίας,
631 3505 694 3558 κατὰ
706 3526 753 3576 γα-
793 3504 871 3574 φότα,
885 3500 956 3558 nihil
969 3509 1066 3560 tamen
1079 3509 1161 3561 muto
1167 3523 1176 3575 3
1190 3504 1296 3562 ἕκαστος

251 3583 394 3659 &travecti
402 3584 671 3655 ονμιτιτολιττυμένοτ.
688 3583 756 3641 Pae·
796 3582 882 3654 enim,
892 3602 981 3659 quum
994 3583 1033 3641 sit
1046 3603 1149 3641 nomen
1162 3586 1296 3654 πληθυντι-

252 3663 316 3740 dag.
329 3662 351 3721 ii
363 3682 408 3736 10,
421 3682 449 3740 p.
464 3683 479 3720 2
483 3676 519 3739 37
540 3663 583 3722 ed
598 3664 706 3723 Potter.
796 3668 848 3736 τόν,
859 3663 1002 3740 singulare
1015 3665 1126 3741 saepius
1139 3664 1214 3741 apud
1228 3685 1295 3741 poe-

298 3763 341 3802 10.
354 3751 390 3822 τῲ
403 3741 519 3840 Χριστῷ]
537 3745 643 3803 Junius
656 3745 756 3804 mallet
796 3751 848 3817 tas,
870 3752 900 3803 et
924 3744 954 3801 in
974 3765 1059 3821 prosa
1078 3746 1206 3804 oratione
1226 3765 1296 3804 non-

253 3832 405 3903 Χριιττιιινῷ.
441 3826 538 3886 Davis.
554 3832 590 3904 τῷ
603 3829 630 3883 ἐν
643 3833 753 3904 Χριστῷ.
796 3845 951 3903 nunquam,
974 3826 1108 3904 jungitur
1137 3827 1224 3886 verbo
1251 3827 1296 3886 vel

254 3906 448 3985 Metonymice
475 3908 605 3985 loquitur
636 3907 670 3966 B.
692 3908 756 3967 Cle·
796 3907 1059 3985 adjectivoplmali.
1082 3907 1204 3966 WOTT.
1227 3907 1297 3966 For·

253 4008 342 4060 mens,
356 3988 431 4048 sicut
445 3988 479 4047 D.
497 3989 602 4048 Paulus
621 3989 651 4047 in
667 3988 701 4046 Il
720 3990 757 4048 ad
797 3996 872 4047 tasse
890 3989 961 4047 dicit
978 3990 1152 4063 ἀνειληφότας,
1166 3995 1297 4065 respectu

253 4069 319 4129 Cor.
335 4071 345 4128 i
362 4089 408 4142 21,
429 4070 466 4128 ad
487 4069 561 4147 Eph.
585 4070 615 4128 iv
636 4090 683 4143 20,
704 4071 755 4129 ali·
796 4069 895 4129 habito
915 4071 952 4128 ad
973 4071 1141 4130 seditionem
1163 4070 1199 4128 D.
1215 4070 1296 4128 Pauli

254 4151 334 4228 isque
354 4151 385 4209 in
405 4151 483 4224 locis,
497 4152 547 4210 ubi
567 4172 625 4210 vox
645 4157 756 4227 Χριστός
795 4159 925 4229 tempore
948 4161 1068 4225 uatam;
1098 4153 1133 4211 de
1159 4172 1216 4230 qua
1242 4153 1296 4210 sub

254 4232 448 4292 Christianam
474 4239 538 4292 tum
572 4233 658 4292 fidem
691 4241 755 4292 tum
796 4233 942 4310 Epistolce
955 4234 1041 4292 finem
1055 4234 1123 4293 data
1139 4253 1224 4310 opera
1240 4234 1297 4292 dis·

253 4314 357 4392 praxin
371 4333 433 4372 com
455 4314 577 4374 lectitur.
795 4314 866 4374 serit
880 4335 886 4372 ε
908 4323 942 4374 ut
955 4335 1053 4374 sensus
1065 4317 1112 4388 sit,
1126 4315 1190 4372 illos
1204 4315 1241 4373 ad
1255 4315 1297 4373 in-

298 4414 342 4452 11.
358 4334 455 4476 ζῐιλοιῖ
471 4395 579 4455 Locum
598 4395 675 4454 hunc
693 4394 756 4455 Ole-
797 4395 933 4472 iquamet
951 4397 1068 4474 impiam
1076 4396 1297 4455 aemulationem

240 4476 359 4536 *mentis
379 4485 574 4554 respexenmt,
592 4486 626 4537 ut
646 4477 756 4555 opinor,
796 4477 890 4536 denuo
915 4498 1048 4536 reversos.
1096 4477 1170 4535 Vide
1195 4478 1294 4536 IOor.

253 4557 409 4617 delirantes
435 4558 575 4631 Gnostici,
596 4559 672 4637 apud
696 4560 757 4618 Ire·
797 4559 835 4617 xi.
865 4559 950 4617 Ratio
964 4560 1079 4636 insuper
1091 4559 1221 4617 habenda
1233 4579 1297 4635 par·

254 4659 365 4699 uacum.
389 4638 438 4699 Sic
451 4640 529 4699 enim
541 4640 590 4700 ille
604 4640 641 4699 dc
655 4640 757 4700 Caino:
797 4640 901 4699 ticulae
920 4645 967 4712 καὶ,
980 4660 1053 4717 quae
1071 4640 1236 4699 immediate
1254 4660 1296 4698 sc-

255 4721 349 4780 ‘dum
361 4720 480 4780 nauem
498 4741 582 4780 suum
595 4721 669 4781 Abel
686 4722 758 4781 occi·
796 4721 903 4798 quitur,
918 4723 950 4778 dt’
964 4723 994 4777 οὗ
1010 4725 1050 4777 καὶ
1069 4723 1174 4780 θάνατος
1192 4746 1215 4778 κ.
1231 4746 1256 4778 τ.
1271 4726 1296 4778 λ.

256 4802 758 4881 ‘deretpiimuszelumetmortam
798 4802 908 4860 FELL.
951 4802 1091 4861 Eamdem
1125 4803 1298 4862 locutionem

256 4883 422 4947 ‘mandit‘
472 4883 612 4957 lxxxiv,
629 4882 717 5026 (pm
741 4904 758 4959 9
799 4883 980 4956 habcsinira,
996 4884 1077 4961 §453
1101 4885 1299 4962 nequesolici·

255 4964 299 5025 ed.
314 4961 466 5046 limet]
494 4965 572 5040 Quin
586 4973 615 5026 et
655 4967 760 5025 lemen·
799 4964 917 5024 tandum
946 4984 1007 5024 csse
1035 4966 1195 5038 lectionem,
1222 4967 1298 5025 inter

255 5052 318 5106 tun
336 5052 453 5107 mua
472 5046 608 5106 Irenaeus
627 5047 689 5126 ipse
710 5067 757 5105 nc·
797 5046 854 5105 alia
869 5045 925 5105 ista
944 5047 1072 5119 madent,
1088 5048 1116 5105 S.
1129 5048 1212 5107 Matt.
1228 5049 1298 5105 xxvi

296 5126 756 5189 'ttnmhmcooinimtonvooat
802 5147 847 5198 22,
863 5131 926 5187 Act.
939 5129 957 5185 ii
974 5130 1000 5199 6,
1016 5132 1042 5187 8.

336 5209 439 5277 imi,
474 5206 561 5293 [xxiii
592 5206 623 5290 4]
656 5218 686 5270 et
714 5210 759 5267 IV
844 5213 887 5268 18.
906 5205 1001 5289 ἐπὶδτι]
1027 5210 1108 5268 Libb.
1130 5211 1213 5288 impr.
1235 5220 1298 5269 tan-

857 5309 877 5351 D
895 5308 912 5355 2
