3250 6617
402 1062 435 1127 xl
652 1063 982 1130 RECENTIORUM
1004 1064 1190 1131 JUDICIA

402 1235 560 1313 innotuit;
587 1236 651 1321 qui,
669 1237 745 1321 quid
766 1237 805 1302 de
827 1259 863 1301 ea
883 1237 1052 1315 sentiret,
1042 1260 1076 1300 in
1098 1236 1242 1322 Epistola
1261 1236 1302 1301 ad
1325 1236 1447 1301 Gerar·

403 1339 479 1402 dum
506 1338 653 1403 Vossium
682 1339 757 1403 data
785 1341 927 1424 protinus
959 1340 1170 1425 significavit.
1209 1338 1445 1417 “,Blondellus

403 1446 571 1526 “magnae
595 1441 645 1504 vir
672 1441 865 1526 diligentiae,
890 1441 945 1505 sed
973 1464 1046 1505 suae
1071 1440 1155 1525 parti
1182 1462 1276 1524 super
1303 1461 1444 1524 aequum

402 1551 424 1581 “
439 1544 591 1623 addictus,
616 1544 692 1629 quid
720 1545 758 1609 de
783 1544 946 1628 Episcopis
974 1550 1008 1609 et
1030 1543 1225 1629 Presbyteris
1253 1543 1372 1607 sentiat
1403 1564 1441 1606 ex

402 1654 424 1684 “
438 1645 561 1730 scriptis
589 1647 655 1731 ejus
685 1647 817 1712 antehae
845 1647 937 1711 editis
965 1670 1029 1712 non
1057 1647 1224 1712 obscurum
1252 1653 1310 1710 est.
1370 1645 1441 1709 Im·

403 1747 584 1833 “primitur
600 1771 683 1813 nunc
700 1750 782 1833 apud
797 1749 943 1813 Blavium
963 1750 1042 1814 liber
1060 1751 1126 1833 ejus
1146 1749 1320 1834 specialiter
1340 1748 1381 1811 de
1403 1770 1439 1812 eo

403 1860 424 1890 “
438 1857 632 1936 argumento.
656 1851 799 1935 Cognovi
815 1857 968 1916 autemex
984 1875 1124 1917 sermone
1138 1852 1247 1937 ipsius,
1257 1851 1439 1917 omnimodo

402 1961 424 1991 “
437 1975 529 2037 agere
554 1975 627 2017 eum
650 1953 710 2017 hoc
733 1953 823 2030 velle,
848 1961 886 2017 ut
910 1954 1029 2038 aliquid
1054 1955 1187 2038 reperiat
1211 1954 1295 2018 unde
1320 1954 1439 2018 famam

401 2064 423 2094 “
437 2061 575 2141 spargat,
605 2063 637 2120 te
666 2056 700 2118 in
735 2078 770 2119 ea
802 2078 836 2119 re
869 2057 960 2141 plane
994 2079 1099 2121 secum
1133 2057 1257 2122 sentire.
1316 2056 1440 2142 Ignatii

401 2168 423 2199 “
438 2159 604 2244 Epistolas,
627 2182 703 2244 quas
727 2159 808 2223 filius
837 2166 912 2223 tuus
940 2184 979 2224 ex
1008 2160 1103 2224 Italia
1130 2159 1249 2239 attulit,
1275 2183 1370 2245 puras
1400 2160 1440 2224 ab

402 2271 424 2303 “
437 2263 581 2327 omnibus
610 2263 659 2341 iis,
684 2285 763 2348 quae
787 2263 912 2327 Eruditi
941 2264 1091 2328 hactfflus
1120 2269 1262 2348 suspecta
1290 2263 1438 2342 habuere,

402 2375 424 2406 “
438 2365 507 2430 ideo
532 2364 698 2429 admittere
720 2388 783 2428 non
806 2367 885 2444 vult,
910 2367 992 2450 quia,
1014 2366 1260 2451 Episcopatuum
1285 2365 1439 2430 vetustati

402 2477 424 2508 “
438 2469 555 2533 clarum
576 2468 725 2551 praebent
746 2469 971 2533 testimonium.
1025 2471 1224 2554 Argumento
1245 2475 1353 2532 autem
1373 2491 1439 2531 non

402 2571 498 2636 “alio
519 2571 631 2648 utitur,
646 2594 740 2655 quam
761 2572 844 2656 quod
865 2572 899 2635 in
920 2572 959 2635 iis
980 2573 1074 2636 verba
1095 2572 1246 2657 quaedam
1267 2577 1441 2656 appareant

403 2673 630 2758 “elegantiora
652 2696 745 2758 quain
771 2674 873 2739 solent
898 2675 931 2738 in
955 2675 1179 2759 Apostolorum
1202 2674 1325 2758 scriptis
1350 2695 1440 2758 repe-

403 2784 424 2815 “
439 2776 503 2855 riri,
529 2776 634 2861 quales
664 2782 737 2840 sunt
766 2777 936 2856 ἀξιέπαινοι,
963 2781 1229 2858 &menedemos
1252 2783 1285 2841 et
1314 2777 1441 2842 similia

403 2879 515 2943 “Dixi
540 2901 609 2963 ego,
636 2880 717 2963 paris
746 2886 889 2944 monetae
913 2881 1063 2944 vocabula
1091 2903 1155 2944 non
1183 2902 1282 2965 pauca
1310 2902 1376 2945 esse
1407 2880 1442 2943 in

402 2981 609 3046 “Clementis
633 2982 784 3066 Epistola,
811 3006 905 3067 quam
933 2990 1108 3067 suspectam
1139 3005 1204 3047 non
1232 2983 1346 3046 habet:
1384 2982 1441 3046 ad-

404 3084 572 3148 “haesisse
597 3085 673 3148 haec
698 3085 760 3149 illis
786 3108 825 3149 ex
850 3085 982 3151 lectione
1008 3087 1198 3150 Graecorum
1224 3086 1279 3171 qui
1307 3085 1442 3150 nitidius

402 3197 423 3228 “
438 3188 655 3272 scripserant.”

447 3291 686 3375 Quamprimum
712 3299 817 3358 autem
841 3291 1058 3358 Blondelliana
1084 3294 1117 3357 in
1142 3293 1244 3358 lucem
1267 3293 1442 3378 prodirent,

403 3400 437 3458 et
451 3394 575 3458 Isaacus
589 3394 719 3459 Vossius
737 3396 883 3461 Codioem
900 3397 1089 3475 Medioeum,
1104 3421 1198 3483 quem
1219 3402 1287 3461 tam
1308 3397 1443 3462 feliciter

404 3494 551 3574 ediderat,
571 3502 638 3560 tam
659 3497 739 3562 male
760 3505 931 3563 tractatum
952 3499 1083 3579 videret,
1105 3501 1215 3564 statim
1237 3498 1380 3583 Epistola
1401 3498 1443 3562 ad

405 3598 555 3662 Rivetum
576 3599 709 3664 rationes
729 3602 920 3685 perscripsit,
936 3611 1021 3666 “cur
1042 3625 1113 3666 eum
1135 3626 1199 3666 non
1221 3601 1349 3667 omnino
1370 3622 1441 3684 per-

404 3709 426 3740 “
441 3724 563 3765 movere
580 3704 738 3787 potuerint
753 3705 952 3789 Argumenta
967 3705 1031 3783 illa,
1046 3728 1124 3790 quae
1140 3705 1243 3770 David
1258 3703 1442 3768 Blondellns

403 3813 425 3843 “
440 3804 480 3869 ad
504 3805 702 3869 evertendam
725 3807 937 3891 Epistolarum
961 3808 1083 3892 Ignatii
1105 3809 1271 3873 veritatem
1297 3807 1441 3871 attulit.”

405 3907 490 3972 Huic
504 3908 660 3992 Epistolae
675 3910 857 3974 Blondellns
871 3913 1034 3976 Annotata
1052 3935 1109 3976 sua
1127 3911 1290 3996 adspersit,
1305 3917 1338 3975 et
1351 3933 1441 3995 prae-

403 4017 488 4076 terea
501 4013 662 4077 stricturas
676 4014 826 4099 quasdam
841 4015 881 4078 ad
890 4015 994 4079 Vossii
1006 4022 1096 4080 notas
1110 4023 1183 4081 ante
1198 4016 1297 4080 editas
1301 4041 1311 4093 3
1327 4015 1441 4100 quibus

402 4114 500 4179 altera
513 4115 671 4199 prolixiori
685 4117 828 4201 Epistola
847 4118 887 4181 ad
902 4113 1056 4183 Rivetiiin‘
1070 4120 1186 4203 pariter
1205 4119 1301 4183 missa
1314 4117 1441 4183 Isaacus

403 4226 544 4284 accurate
558 4220 728 4304 respondit.

318 4347 324 4360 ·
448 4321 630 4387 Quinetiam
658 4322 917 4408 Archiepiscopus
945 4325 1161 4388 Armachanus
1190 4324 1224 4387 in
1249 4323 1443 4408 Appendice,

305 4449 313 4463 ·
403 4427 545 4512 proximo
559 4432 631 4511 post
645 4426 800 4491 Blondelli
818 4427 1007 4512 Apologiam
1027 4450 1109 4491 anno
1128 4427 1223 4505 edita,
1238 4427 1345 4491 mirari
1364 4427 1443 4492 satis

404 4554 436 4596 se
457 4554 521 4596 non
542 4530 679 4614 potuisse
701 4530 877 4614 profitetur,
893 4530 970 4594 duos
992 4531 1049 4595 hos
1071 4531 1179 4615 magni
1195 4531 1332 4595 nominis
1346 4530 1443 4609 viros,

405 4633 589 4697 Salmasium
614 4639 646 4697 et
669 4633 878 4710 Blondellum,
901 4633 1085 4717 conjecturis
1107 4633 1172 4696 suis
1193 4637 1318 4696 tantum
1340 4631 1443 4695 tribu·

404 4737 474 4814 isse,
489 4759 585 4822 quum
601 4736 764 4822 Polycarpi
782 4737 823 4800 ad
838 4737 1052 4821 Philippenses
1070 4736 1186 4812 literas,
1208 4736 1321 4820 quibus
1343 4736 1443 4820 Igna-

405 4839 506 4903 tianas
526 4862 545 4902 a
564 4862 596 4903 se
615 4841 769 4924 subjectas
788 4840 883 4904 fuisse
898 4840 963 4924 ipse
978 4841 1152 4917 confirmat,
1167 4861 1332 4922 germanas
1346 4838 1446 4905 fuisse

404 4943 572 5021 fateantur,
587 4950 619 5007 et
636 4944 692 5007 has
707 4943 789 5028 ipsas
803 4966 881 5028 quae
897 4943 1025 5027 Ignatio
1039 4943 1224 5006 tribuuntur
1237 4941 1393 5026 Epistolas
1409 4942 1446 5006 in

404 5046 547 5112 Medioeo
563 5046 676 5111 Codice
690 5070 709 5109 a
722 5047 851 5110 novitiis
865 5047 1051 5111 assumentis
1066 5047 1193 5110 deinum
1207 5045 1363 5124 liberatas,
1378 5067 1447 5108 non

405 5149 508 5215 miuus
529 5172 623 5234 quam
646 5149 808 5235 Polycarpi
831 5149 941 5234 ipsam,
956 5149 1082 5214 Eusebii
1105 5148 1298 5233 temporibus
1319 5147 1352 5210 in
1374 5169 1447 5211 oni-
