3250 6617
584 1072 799 1135 EPISTOLA
824 1072 870 1149 II,
887 1072 940 1134 vii.
1214 1071 1278 1133 2⁴16

239 1262 404 1345 sir-ipone,
434 1274 505 1320 aaa
541 1262 666 1321 eruent
700 1248 832 1321 liberos·
865 1274 947 1321 sitos
984 1246 1020 1318 in
1057 1245 1278 1343 captivitate.

242 1365 349 1457 Quod
372 1364 403 1437 si
429 1364 519 1437 adeo
538 1364 634 1463 justi
657 1363 726 1436 viri
752 1391 825 1437 non
849 1374 1004 1462 possunt
1021 1361 1180 1461 justitiis
1205 1360 1281 1434 suis

241 1508 365 1555 eruere
391 1481 522 1555 liberos
545 1509 639 1566 suos,
663 1508 738 1563 nos,
769 1481 840 1554 nisi
870 1482 1052 1580 baptisma
1082 1506 1213 1578 puuun
1244 1488 1283 1551 et-

241 1599 513 1673 immaculatum
547 1599 821 1683 servaverimus,
855 1625 928 1696 qua
970 1597 1190 1671 confidentia
1229 1597 1283 1668 in-

242 1717 419 1790 trabimus
436 1716 475 1787 in
491 1716 629 1815 regiam
644 1715 714 1789 Dei
730 1720 743 1788 t
765 1726 832 1788 aut
844 1714 927 1811 quis
944 1715 1143 1787 advocatus
1161 1724 1284 1787 noster

242 1834 321 1919 erit,
339 1832 371 1905 si
386 1858 460 1905 non
477 1831 706 1905 inveniamur
722 1857 832 1929 opera
849 1831 910 1928 pia
926 1841 965 1904 et
976 1831 1082 1929 justa
1099 1831 1257 1905 haberet

291 1950 381 2023 VII.
418 1948 603 2040 Quocirca,
634 1948 765 2022 fratres
794 1948 876 2029 mei,
906 1958 1096 2033 certemus
1128 1948 1284 2021 scientes

243 2066 340 2163 quod
366 2066 405 2138 in
428 2065 597 2138 manibus
623 2074 680 2137 est
704 2063 913 2151 saeculum,
945 2074 984 2137 et
1010 2064 1107 2162 quod
1133 2063 1181 2136 ad
1210 2090 1284 2137 cor-

243 2182 432 2281 ruptibilia
475 2183 672 2255 certamina
714 2181 822 2254 multi
863 2180 1063 2279 appellunt,
1106 2181 1171 2254 sed
1213 2208 1284 2253 non

244 2326 369 2373 omnes
393 2308 620 2379 coronantur,
638 2298 708 2370 nisi
725 2297 789 2395 qui
813 2297 1012 2395 plurimum
1030 2297 1285 2383 laboraverint,

245 2426 283 2489 et
316 2414 496 2513 praeclare
530 2414 713 2487 certarint.
766 2414 843 2485 Nos
880 2415 993 2512 igitur
1022 2426 1214 2500 certemus,
1243 2424 1286 2486 ut

245 2558 370 2605 omnes
387 2558 554 2605 coronam
571 2539 807 2628 reportemus.
861 2530 958 2629 Ergo
985 2557 1171 2603 curramus
1190 2531 1285 2603 viam

246 2770 276 2817 et
290 2758 457 2816 (lallandius
469 2779 476 2829 3
491 2757 561 2815 nihil
573 2764 670 2815 tamen
684 2777 747 2815 mu·
828 2758 864 2816 ib.
888 2760 947 2814 ἀλλ’
970 2762 1000 2814 οὐ
1020 2762 1111 2815 πάντες
1131 2763 1287 2830 στεφανοῦν·

246 2848 317 2899 tant.
349 2840 440 2898 Sensu
454 2840 537 2917 plane
550 2838 607 2897 alic
622 2839 665 2896 Ps.
679 2838 746 2897 cxix
786 2836 839 2918 ται]
861 2840 941 2897 Idem
963 2840 999 2897 ab
1017 2839 1157 2915 Apostolo
1178 2839 1287 2897 die-tum

252 2941 307 2995 ¹09
329 2922 484 2979 secundum
513 2920 582 2979 Cod.
607 2920 688 2977 Alex.
712 2922 745 2975 ‘H
788 2920 883 2979 IOor.
903 2921 933 2978 ix
956 2941 1000 2992 24.
1045 2920 1109 2978 Scil.
1129 2940 1203 2978 unns
1224 2926 1288 2992 βρα-

247 3005 323 3076 ψνχή
344 3028 393 3074 μου
412 3006 439 3058 ἓν
451 3008 506 3060 ταῖς
522 3004 614 3074 χερσίν
626 3026 676 3072 μου
694 3004 746 3057 δια·
786 3008 859 3069 Beier
871 3004 994 3074 solenne,
1009 3002 1067 3060 sive
1085 3022 1218 3059 coronam
1240 3003 1288 3059 ob·

248 3089 347 3142 πάντος,
393 3082 628 3141 Emendationem
651 3082 674 3139 si
699 3083 748 3140 ad·
788 3083 877 3142 tinnit
888 3105 896 3156 5
917 3085 979 3141 aliis
1000 3084 1126 3160 praemia
1150 3083 1288 3159 quaedam

249 3166 367 3237 miseris,
388 3164 594 3241 comparandus
618 3164 674 3221 erit
693 3164 748 3240 (iy-
789 3174 935 3241 tamqnam
956 3165 1057 3223 solatis
1070 3165 1211 3222 victorum
1231 3185 1288 3222 ees-

248 3248 372 3324 prianus,
408 3247 497 3323 Epist.
532 3265 566 3319 13
602 3245 644 3302 ed.
679 3246 746 3303 l'ell.
789 3267 857 3303 sere.
888 3246 972 3320 Quod
987 3246 1101 3323 quidem
1116 3247 1222 3304 foetum
1237 3245 1289 3302 hac

250 3328 376 3386 ‘Adhuc
396 3328 426 3385 in
447 3328 558 3386 saeculo
575 3346 682 3391 sumus,
698 3327 747 3383 ad-
789 3328 843 3385 sub
857 3327 1027 3397 conditione,
1042 3338 1075 3384 ut
1089 3326 1126 3382 ad
1140 3335 1245 3384 metam
1260 3334 1289 3384 et

250 3410 327 3467 ‘hnc
348 3410 377 3466 in
396 3409 455 3467 acie
469 3408 626 3475 constituti,
641 3409 676 3465 dc
690 3408 749 3465 vita
789 3408 913 3486 palmam
930 3408 1054 3483 proximi
1072 3407 1198 3477 fuerint,
1219 3407 1289 3465 alios

251 3496 371 3550 ‘nostra
404 3491 531 3567 quotidie
565 3489 749 3546 dimiearuua'
790 3490 866 3548 enim
880 3489 1001 3546 dedecus
1021 3496 1051 3547 et
1068 3489 1181 3564 jactura
1197 3489 1288 3546 solum

252 3572 411 3631 llresselius
424 3571 495 3629 nihil
509 3580 611 3641 mutat,
622 3580 652 3629 et
662 3571 748 3628 inter-
790 3570 951 3627 manebant.
977 3569 1085 3627 FELL.

251 3652 751 3729 pretatur,seieatesquiasaeeulum
838 3669 879 3708 11.
906 3654 929 3706 εἰ
951 3655 985 3722 μὴ
1012 3657 1035 3707 ot
1062 3647 1160 3730 πολλὰ]
1190 3651 1290 3707 Codex

251 3736 418 3794 artilitioest.
792 3732 894 3790 MStus
929 3743 1061 3803 01MH01,
1088 3733 1138 3790 ubi
1174 3732 1290 3789 librario

297 3836 339 3875 ro.
371 3818 568 3889 καταπλέουσιν]
601 3816 686 3874 Forte
712 3817 750 3873 le·
791 3814 883 3871 fraudi
907 3812 991 3870 fnisse
1018 3813 1131 3871 videtur
1155 3813 1290 3872 articulus

252 3899 378 3975 gendum
388 3905 432 3957 est
440 3900 662 3969 καταπαλαίουσιν,
674 3898 752 3955 laerta
791 3896 922 3972 proxime
942 3914 1069 3971 sequens.

252 3981 380 4045 riacani,
390 3987 424 4037 ut
439 3986 467 4036 ct
481 3978 577 4055 paullo
591 3978 664 4036 infra
677 4004 750 4034 aava·
836 3996 878 4050 ¹3·
895 3973 988 4056 θῶμεν]
1007 3976 1025 4033 J
1027 3976 1110 4033 unius
1125 3977 1221 4035 mallet
1235 4002 1290 4049 ηκ-

253 4066 438 4132 παλιιὶσωμεν;
460 4068 503 4118 est
517 4059 592 4117 enim
606 4081 662 4119 vox
684 4081 752 4138 ago·
790 4066 883 4132 χῶμιν.
927 4058 1035 4117 Coloni.
1067 4058 1156 4118 Cotel.
1187 4061 1288 4129 θέωμεν.

254 4144 363 4211 rustica,
378 4150 407 4200 et
421 4142 465 4199 his
479 4142 547 4199 locis
562 4143 670 4220 optimc
684 4162 750 4199 con·
797 4138 858 4220 [Sic
872 4141 941 4199 item
961 4141 1027 4199 l'ell.
1043 4141 1124 4217 Ittig.
1142 4140 1288 4198 Constant.

254 4225 333 4282 venit
344 4245 352 4294 ;
374 4225 423 4281 scd
437 4223 507 4280 nihil
521 4236 609 4282 muto.
630 4223 749 4281 WOTT.
793 4221 891 4299 Frey]
938 4223 1000 4299 Ego
1022 4223 1131 4280 retineo
1151 4224 1240 4290 θῶμεν,
1263 4232 1292 4279 et

257 4306 339 4363 lianc
353 4304 580 4363 emendationem
598 4307 753 4383 reprobant
793 4305 834 4362 ita
847 4305 999 4379 legendum
1013 4310 1084 4379 puto
1098 4304 1197 4359 ιὨστε
1210 4304 1293 4371 θῶμεν

256 4385 753 4465 FreyinsetBirrius,quibus‚prae·
793 4388 838 4456 τὴν
864 4389 923 4441 ὁδὸν
949 4390 994 4453 τὴν
1019 4386 1118 4439 εὐθεῖαν
1145 4386 1180 4441 εἷς
1209 4385 1293 4456 ἀγῶνα

256 4478 341 4525 eunte
365 4467 469 4537 Boisio,
488 4486 546 4524 non
570 4469 655 4526 modo
676 4488 752 4526 com·
794 4490 850 4523 aa.
864 4472 888 4520 λ.
903 4463 1027 4522 WOTT.
1072 4464 1205 4521 Davisius
1219 4465 1290 4540 eonj.

255 4549 348 4615 moda,
371 4549 420 4606 sed
448 4557 477 4607 ct
500 4549 613 4626 elegans
639 4549 754 4607 ridetur
793 4552 885 4617 βῶμεν.
909 4546 972 4621 Ego
986 4545 1110 4620 quidem,
1126 4544 1219 4620 inquit
1232 4544 1292 4600 Bir-

255 4630 425 4706 signifieatio
448 4630 637 4707 navigat—ionis
658 4630 695 4687 ad
715 4631 752 4687 si·
794 4628 863 4689 rius,
893 4629 974 4696 θῶμεν
1002 4626 1131 4701 relinquo
1167 4624 1199 4681 B.
1229 4624 1293 4682 ole-

256 4720 319 4768 tum
334 4712 473 4783 Corinthi,
487 4712 534 4769 uhi
550 4713 609 4769 ludi
624 4711 753 4769 lsthmiei
795 4707 892 4771 menti,
909 4727 1007 4765 verum
1028 4727 1043 4762 a
1067 4709 1150 4775 τίθημι
1171 4714 1269 4762 natum
1286 4728 1291 4762 :

256 4794 366 4867 ingenti
382 4813 518 4852 concursu
530 4794 753 4863 celebrabantur,
793 4809 936 4865 particarios
950 4788 992 4845 rel
1003 4807 1199 4862 pupiano-mas
1214 4787 1293 4844 ιιάιιι

257 4884 286 4933 et
305 4883 423 4952 propter
440 4882 576 4952 portuum
593 4872 754 4933 Corinthia·
794 4881 898 4928 rectora
927 4890 983 4945 pro
1017 4868 1160 4925 enrricula
1187 4868 1291 4938 raaia,-

257 4977 356 5014 eorum
380 4957 610 5014 commoditatem
635 4954 755 5012 navibus
795 4951 942 5010 iuriam
961 4949 1082 5017 virtutis,
1101 4948 1177 5025 quod
1202 4950 1292 5008 incor-

257 5039 416 5097 adihantur.
480 5037 527 5094 Ad
561 5037 631 5096 istos
658 5042 754 5093 autem
795 5040 1065 5107 ruptumcertamcn
1078 5031 1291 5106 interluetstur.

260 5120 412 5178 Isthmicos
427 5120 541 5192 Agonas
556 5118 602 5175 hic
616 5117 755 5193 respicere
799 5114 874 5170 llinc
902 5121 931 5171 et
957 5115 1108 5187 ἀγωνοθέται
1143 5124 1172 5169 et
1199 5114 1294 5187 ἀγωνο-

259 5202 286 5259 S.
301 5201 386 5259 Pater
398 5200 518 5258 videtur.
542 5197 743 5258 GALLAND.
796 5198 879 5251 doch.
902 5195 975 5251 Vide
989 5195 1028 5251 sis
1045 5194 1148 5252 l'ollnc.
1166 5214 1225 5271 cap.
1241 5196 1292 5253 ult.

859 5289 932 5353 ria
