3250 6617
403 1119 445 1186 46
767 1118 800 1182 S.
824 1118 1081 1182 CLEMENTIS

405 1307 426 1341 ‘⁴
445 1296 502 1372 καὶ
521 1289 766 1395 καταράσομαι
785 1290 868 1378 τοὺς
890 1292 1154 1395 καταρωμένους
1178 1326 1235 1383 σε,
1256 1292 1313 1370 καὶ
1340 1295 1444 1371 εὐλο-

404 1434 425 1468 “
445 1419 665 1521 γῆθῆσονται
682 1419 718 1500 ἕν
737 1455 797 1499 σοι
816 1427 931 1500 πᾶσαι
950 1425 985 1499 αἱ
1003 1422 1117 1527 φυλαὶ
1136 1424 1199 1519 τῆς
1221 1419 1324 1520 γῆς.”
1376 1423 1447 1499 Καὶ

403 1547 529 1645 πάλιν,
557 1549 595 1626 ε’ν
621 1550 672 1654 τῷ
694 1551 970 1654 διαχωρισθῆναι
997 1547 1105 1628 αὐτὸν
1129 1548 1201 1627 ἀπὸ
1227 1546 1326 1642 Λώτ,
1354 1543 1449 1629 εἶπεν

402 1679 500 1783 αὐτῷ
518 1681 537 1756 ὁ
557 1673 661 1772 Θεός,
684 1688 705 1724 “
718 1675 957 1784 Ἀναβλέψας
974 1683 1047 1762 τοῖς
1071 1679 1274 1783 ὀφθαλμοῖς
1301 1711 1382 1772 σου,
1398 1674 1448 1753 ’ίδε

403 1816 425 1851 “
444 1801 516 1883 ἀπὸ
547 1812 611 1884 τοῦ
640 1802 751 1884 τόπον
784 1804 826 1885 οὗ
854 1812 917 1883 νῦν
945 1801 995 1883 σὺ
1022 1800 1060 1903 εἷ,
1090 1802 1180 1908 πρὸς
1206 1811 1357 1910 βορρᾶν,
1390 1805 1479 1882 καὶὸ

403 1946 426 1979 “
444 1935 543 2028 λίβα,
562 1935 620 2011 καὶ
639 1929 827 2030 ἀνατολάς,
846 1936 904 2011 καὶ
922 1931 1133 2012 θάλασσαν·
1167 1930 1219 2011 ὅτι
1241 1938 1365 2011 πᾶσαν
1382 1928 1449 2029 τῆν

404 2072 425 2106 “
446 2056 512 2160 γῆν
530 2056 575 2158 ῆν
593 2056 642 2138 σὺ
667 2060 765 2166 ὁρᾷς,
795 2065 857 2139 σοὶ
883 2057 990 2138 δώσω
1017 2057 1139 2159 αὐτήν,
1170 2062 1227 2138 καὶ
1255 2062 1306 2165 τῷ
1333 2058 1445 2162 σπέρ-

404 2199 426 2233 “
442 2188 532 2285 ματί
555 2222 637 2281 σου,
657 2187 723 2271 ἕως
740 2192 878 2273 αἰῶνος·
910 2190 967 2268 καὶ
985 2185 1125 2287 ποιήσω
1143 2186 1185 2267 τὸ
1207 2186 1352 2291 σπέρμα
1377 2222 1448 2267 σου

406 2327 426 2361 “
446 2318 493 2399 ὡς
511 2311 577 2413 τῆν
595 2314 714 2413 ἅμμον
733 2319 796 2414 τῆς
814 2319 893 2415 γῆς·
924 2320 953 2393 εί
972 2315 1119 2395 δύναταί
1138 2350 1191 2399 τις
1211 2311 1449 2418 ἐξαριθμῆσαι

405 2456 426 2490 “
444 2441 509 2543 τῆν
527 2444 646 2542 ἄμμον
663 2447 726 2542 τῆς
746 2448 827 2545 γῆς,
848 2448 906 2524 καὶ
923 2443 965 2524 τὸ
991 2442 1135 2546 σπερμα
1160 2478 1231 2523 σον
1252 2440 1444 2546 ἐξαριθμη-
1466 2465 1500 2503 ¹0

405 2585 426 2619 ‘⁶
443 2570 625 2671 θῆσεται.”
684 2572 755 2650 Καὶ
782 2570 894 2652 πάλιν
924 2573 1030 2674 λέγει,
1050 2569 1328 2674 (ιἘξῆγαγενὸ
1356 2569 1449 2656 Θεὸς

405 2711 426 2744 “
444 2699 507 2778 τὸν
525 2696 706 2803 Ἀβραάμ,
726 2703 783 2778 καὶ
811 2695 904 2778 εἶπεν
922 2702 1029 2805 αὐτῷ·
1061 2697 1297 2806 Ἀνάβλεψον
1314 2704 1362 2783 είς
1385 2697 1448 2778 τὸν

405 2837 426 2873 “
445 2827 605 2929 οὐρανὸν,
636 2833 692 2906 καὶ
722 2827 923 2931 ἀριθμησον
950 2824 1033 2912 τοὺς
1059 2827 1220 2930 ἀστέρας,
1253 2832 1281 2906 εί
1309 2825 1448 2933 δυνήσῃ

404 2966 426 3000 “
443 2951 679 3057 ἐξαριθμῆσαι
705 2953 841 3051 αὐτούς,
861 2956 971 3038 οὕτως
998 2955 1098 3035 ἔσται
1126 2953 1167 3035 τὸ
1192 2955 1338 3058 σπέρμα
1361 2986 1445 3035 σου·

405 3092 426 3127 “
443 3081 651 3161 ἐπίστευσεν
683 3083 719 3162 δὲ
756 3082 928 3187 Ἀβραὰμ
963 3087 1014 3190 τῷ
1052 3087 1144 3191 Θεῷ,
1182 3087 1238 3163 καὶ
1273 3086 1448 3185 ἐλογίσθη
1466 3111 1500 3169 15

405 3221 425 3254 “
444 3209 539 3315 αὐτῷ
558 3215 606 3294 είς
624 3209 885 3311 δικαιοσύνην.”
932 3209 1004 3290 Διὰ
1021 3212 1145 3292 πίστιν
1162 3216 1220 3290 καὶ
1239 3209 1449 3318 φιλοξενίαν

404 3335 506 3434 ἐδόθη
534 3339 629 3444 αὐτῷ
658 3337 730 3423 υίὸς
759 3342 797 3418 ἐν
828 3337 933 3445 γήρᾳ,
965 3343 1022 3418 καὶ
1054 3338 1096 3417 δι’
1123 3341 1279 3438 ὑπακοῆς
1304 3339 1446 3442 προσῆ-

406 3497 526 3564 νεγκεν
544 3463 651 3546 αὐτὸν
668 3468 798 3547 θυσίαν
816 3473 866 3573 τῷ
895 3470 988 3573 Θεῷ,
1005 3465 1096 3571 πρὸς
1122 3466 1160 3546 ἓν
1179 3473 1251 3547 τῶν
1270 3467 1380 3571 ὀρέων
1397 3464 1449 3547 ὧν

406 3590 533 3697 ἔδειξεν
551 3596 657 3701 αὐτῷ.

464 3718 539 3801 lA'.
572 3723 645 3802 Διὰ
663 3720 871 3829 φιλοξενίαν
889 3724 947 3801 καὶ
969 3721 1149 3816 εὐσέβειαν
1167 3719 1253 3802 Λὼτ
1270 3722 1388 3823 ε’σῶθῆ
1410 3725 1449 3802 ἐκ
1464 3765 1500 3802 20

452 4024 474 4060 1.
497 4004 723 4080 εὐλογηθήσονται]
754 4005 801 4064 Its
826 4005 907 4062 LXX
948 4004 1051 4063 Clerici
1065 4003 1221 4063 editionem
1240 4006 1394 4063 secundem
1411 4005 1447 4063 ir·

408 4084 489 4143 Alex.
525 4085 562 4142 In
576 4085 646 4144 Cod.
663 4086 727 4144 Vel.
743 4088 907 4159 c'vevlofflv‘r
947 4095 1082 4162 repserat.
1125 4086 1161 4143 In
1182 4086 1261 4144 LXX
1276 4085 1347 4145 Cod.
1364 4086 1447 4144 Alex.

408 4190 502 4224 σονται.
539 4166 630 4225 Cotel.
646 4166 773 4226 Clen'cus
789 4176 819 4226 et
833 4167 907 4227 Cou-
948 4168 1034 4226 babet
1047 4169 1250 4242 ἆριθμῆθῆσεται.

407 4255 492 4306 stant.
508 4247 647 4306 omittunt
660 4251 710 4305 καί,
992 4268 1035 4321 14.
1065 4250 1145 4308 οὕτως
1170 4253 1244 4306 ἔσται
1271 4254 1301 4306 τὸ
1328 4250 1444 4323 σπέρμα]

449 4349 474 4402 3.
487 4332 702 4405 αὐτόνάπὸιιώτ]
714 4330 906 4408 Typogmphi
947 4328 1117 4408 Agnoscunt
1137 4334 1177 4387 καὶ
1198 4329 1267 4388 εἶπεν
1282 4332 1361 4388 οὕτως
1382 4349 1447 4387 eum

408 4411 436 4467 ni
450 4410 540 4476 fallor,
554 4432 657 4478 errore,
672 4412 749 4489 apud
764 4411 907 4471 Clerieum
949 4411 1081 4469 Hebraeo
1095 4411 1215 4470 Codices
1229 4412 1312 4470 MSS.
1331 4431 1363 4469 se
1378 4411 1448 4469 Ver·

407 4495 457 4548 ἀπό
470 4513 525 4550 non
541 4492 652 4570 legitur.
948 4493 1041 4552 siones
1055 4513 1159 4551 omnes.
1202 4493 1345 4553 Videntur
1357 4492 1448 4570 igitur

449 4595 474 4646 4.
489 4574 745 4650 Ἀναβλέψας-ἴδε]
758 4573 795 4632 In
809 4575 907 4652 pleris-
948 4594 1014 4632 essu
1038 4574 1134 4652 sliquo
1156 4595 1193 4633 ex
1213 4575 1267 4633 hoe
1287 4576 1350 4633 loeo
1372 4575 1447 4633 exei-

408 4676 462 4731 que
477 4655 601 4731 optimae
620 4664 705 4715 notse
719 4656 806 4715 MSS.
822 4656 906 4716 Alex
949 4657 1024 4715 disse
1037 4656 1106 4715 haee
1120 4657 1207 4715 verbs
1219 4679 1225 4714 ε
1247 4656 1306 4715 sive
1320 4675 1354 4714 es
1366 4676 1449 4732 prse-

407 4737 473 4794 Vet.
499 4739 613 4795 Cotton.
639 4738 732 4796 Οκοα
758 4740 806 4796 lle.
833 4740 906 4795 Ἀνά-
948 4738 1104 4798 termineril
1129 4737 1270 4804 librarius,
1294 4737 1354 4796 sive
1382 4737 1447 4796 Cle-

406 4822 511 4890 βλιφον
528 4863 573 4877 ...
589 4822 629 4875 καὶ
649 4819 695 4876 ἴοι.
737 4820 779 4878 Ae
795 4819 826 4878 in
841 4821 906 4878 Bib.
946 4839 1027 4878 mens
1041 4821 1109 4898 ipse,
1124 4839 1220 4879 errore
1236 4819 1316 4878 lseile
1330 4827 1449 4897 propter

408 4897 658 4974 complutensibus
692 4903 844 4974 ἀναβλέψας
946 4902 1151 4978 praecellentia,
1166 4905 1206 4958 καὶ
1225 4899 1295 4959 εἶπεν
1311 4905 1386 4978 αὐτῷ,
1402 4902 1447 4959 vel

407 4981 452 5044 ἴδε,
484 4981 628 5055 quomode
663 4990 774 5040 constet
805 4983 907 5061 legisse
946 4987 1010 5055 πρὸς
1023 4987 1104 5041 οἶκόν.
1129 4983 1209 5041 Hsee
1222 4983 1331 5040 enimsi
1343 4983 1446 5047 absint,

408 5060 593 5119 Clementem.
610 5062 729 5120 WOTT.
947 5063 1041 5123 hiatus
1061 5085 1117 5122 non
1139 5072 1189 5129 est,
1209 5084 1300 5141 neque
1321 5063 1448 5122 defectus

451 5161 493 5199 10.
520 5140 765 5224 ἐξαριθμῆθῆσεται]
795 5145 903 5202 Russel.
945 5145 1053 5222 aliquis.
1078 5144 1198 5204 WOTT.

407 5224 607 5298 ἐξαριθμῆσααι,
635 5244 707 5301 quse
738 5226 842 5284 menda
874 5225 904 5283 in
990 5243 1033 5300 15.
1046 5228 1372 5301 ε’πίστευσενδὲᾺβραὰμ]
1386 5226 1447 5284 l'le·
