3250 6617
298 1063 340 1127 26
649 1061 792 1125 INDEX
823 1060 1074 1124 VERBORUM

293 1239 369 1313 Ἀρτι
382 1239 559 1308 διαδεξαμένου
574 1240 618 1308 τήν
630 1239 757 1310 Ῥωμαίων
769 1239 851 1310 ἀρχήν

340 1317 427 1376 Mart.
442 1317 506 1395 Ign.
526 1336 549 1373 1.

932 1236 1021 1295 Clem.
1038 1238 1053 1294 I
1072 1256 1115 1308 14.
1162 1236 1252 1295 οἵτινες
1272 1238 1382 1312 ἀρχηγοὶ
1402 1242 1450 1309 τῆς

931 1324 1049 1378 στάσεως
1061 1366 1065 1376 .
1079 1366 1084 1376 .
1099 1364 1105 1376 .
1119 1319 1280 1392 ἐγενήθησαν.
1294 1335 1341 1392 51.

292 1400 394 1474 Ἀρτος.
416 1404 540 1470 λαμβάνει
553 1402 598 1456 τὸν
612 1402 690 1473 ἀρτον
702 1405 748 1456 τοῦ
764 1403 847 1474 ἔργου.
890 1400 1042 1474 Ἀρχιερεῦς.
1084 1405 1129 1456 τὸν
1148 1402 1268 1474 ἀρχιερέα
1287 1407 1338 1456 τῶν
1360 1423 1447 1474 προσ-

339 1481 428 1540 Clem.
450 1480 465 1537 I
484 1501 531 1555 34.
561 1483 704 1554 ῦστιρεῖταε
716 1487 762 1537 τοῦ
772 1483 851 1553 ἀρςου

338 1569 384 1619 τοῦ
398 1568 471 1619 θεοῦ.
487 1561 552 1640 Ῑ811.
564 1561 637 1638 Eph.
650 1576 676 1635 5.
719 1564 762 1618 ἵνα
774 1565 851 1636 άρτον

338 1649 454 1703 κλῶντες.
479 1663 523 1701 20.
574 1643 615 1699 ἵνα
641 1646 749 1717 καθαράς
774 1645 851 1716 άρτος

338 1728 431 1798 εὑρεθῶ
443 1731 490 1781 τοῦ
503 1730 622 1797 Χριστοῦ.
638 1724 720 1782 Rom.
735 1747 760 1797 4.
784 1725 849 1798 'Ap-

338 1830 383 1862 τον
417 1813 484 1863 θεοῦ
520 1807 598 1873 θέλω,
625 1808 702 1879 άρτον
727 1810 850 1880 οὐράνιον,

338 1892 500 1961 ἀρτονζωής.
517 1901 543 1959 7.
594 1890 847 1960 ὧςάρτοςάπτάμε-

340 1993 388 2028 νος.
405 1969 491 2027 Mart.
507 1968 603 2045 Polye.
623 1983 666 2042 15.

297 2051 439 2124 ’Λρχαῖκάς
515 2051 618 2120 Κλήμης
657 2053 848 2125 ἀρχαῖκώτερος.

339 2131 428 2190 Olem.
445 2132 559 2208 Fragm.
575 2130 622 2189 vii.

297 2215 423 2287 Ἀρχαῐος.
457 2214 848 2286 ἶνατῶνάρχαίωνῦποδειγμά·

338 2319 390 2352 των
403 2296 566 2366 παυσάμεθα
587 2293 676 2352 Clem.
698 2293 755 2368 15.
805 2297 851 2363 τήν

339 2422 345 2434 .
363 2420 369 2433 .
386 2378 512 2452 ,ἀρχαίαν
544 2378 682 2450 Κορινθίων
706 2377 848 2445 ἐκκλησίαν.

341 2473 390 2532 47.
432 2461 475 2514 ἐέιν
487 2461 521 2529 μή
535 2459 562 2513 ἐν
575 2461 628 2515 τοῖς
645 2459 760 2530 ἀρχαίοις
775 2458 848 2530 εὕρω.

340 2539 402 2617 Igu.
419 2539 528 2596 ΡΙὶὶΙιιά.
541 2541 569 2596 8.
625 2540 850 2611 ἐξάρχαίωνκατ-

338 2623 512 2696 ογγελλομένη
527 2625 633 2694 χρόνων.
663 2618 756 2696 Polyc.
776 2619 848 2677 Phil.

350 2721 373 2760 1.

291 2783 400 2856 Ἀρχειν.
450 2787 490 2839 καλ
511 2786 600 2856 ἄρχειν
621 2785 715 2838 εἀυτῶν
740 2784 774 2853 μή
798 2785 851 2838 ἐπι-

338 2865 478 2935 σταμένοις.
501 2865 563 2941 1811.
585 2863 697 2940 Fragm.
713 2863 749 2920 iv.
799 2868 852 2921 τοῖς

339 2947 391 3002 κατ’
406 2947 545 3017 ἐπιστήμην
557 2948 689 3018 ἄρχουσιν.
703 2945 740 3002 ib.

297 3027 421 3100 Ἀρχεῐον.
462 3028 536 3097 Ἐμοὶ
555 3029 584 3083 δέ
604 3029 693 3099 ἀρχεῖά
714 3029 784 3083 ἐστιν
801 3028 849 3097 Ἰη-

336 3114 402 3167 σοῦς
422 3112 540 3181 Χριστὸς,
561 3111 593 3163 τά
616 3110 703 3164 ἄθικτα
724 3109 815 3180 ἀρχεῖα
836 3114 851 3163 ὁ

340 3193 451 3261 σταυρὸς
464 3192 549 3245 αῦτοῦ.
565 3188 628 3265 Ῑ811.
646 3189 754 3247 Philad.
771 3192 796 3247 8.

297 3273 445 3344 Ἀρχέσθαι.
466 3272 496 3342 ής
505 3271 618 3345 ήρξάμην
627 3273 771 3341 οἰκονομίας.
786 3272 847 3349 Ι811.

340 3353 412 3430 Eph.
438 3371 482 3409 20.
539 3358 582 3408 νῦν
605 3354 714 3425 ἄρχομαι
739 3355 851 3424 μαθητής

339 3433 407 3492 εἶναι.
433 3434 515 3491 Rom.
533 3449 558 3506 5.
610 3441 699 3490 τοῦτον
725 3436 850 3507 ἀρξωιπαι

337 3518 470 3583 σέβεσθαι.
486 3517 570 3574 Mart.
588 3516 682 3592 polyc.
703 3530 745 3588 17.

297 3599 384 3671 Ἀρχή.
435 3603 479 3654 τὸν
499 3601 527 3668 ἐξ
547 3600 628 3672 ἀρχῆς
650 3600 850 3671 παραδεδομένον

338 3681 395 3750 ήμῖν
415 3684 459 3749 τῆς
479 3681 575 3752 εἰρήνης
598 3684 701 3735 σκάπον.
723 3678 812 3737 Clem.
832 3678 847 3735 Ι

342 3779 385 3835 19.
438 3763 626 3831 άνατυλίξωμεν
647 3765 679 3816 τά
702 3762 744 3817 ἀπ’
769 3762 849 3833 ἀρχῆς

336 3848 462 3915 γενόμενα.
479 3862 525 3915 31.
577 3845 604 3897 ἐν
619 3844 685 3915 ἀρχή
701 3847 748 3896 τοῦ
763 3845 847 3914 Εὐαγ-

335 3928 431 3996 γελίου.
455 3937 504 3997 47.
556 3929 609 3978 Νῦν
628 3927 678 3996 γάρ
698 3924 779 3995 ἀρχήν
796 3925 848 3996 ἔχω

931 1486 1027 1555 φορῶν.
1047 1481 1136 1540 Olem.
1153 1480 1168 1537 I
1184 1483 1230 1555 36.
1273 1486 1314 1558 Τῷ
1331 1485 1384 1555 γάρ
1400 1482 1448 1554 ἀρ-

931 1567 1011 1636 χιερεῖ
1024 1564 1084 1620 ἴδιαι
1098 1566 1261 1636 λειτουργία.
1277 1581 1324 1634 4ο.
1358 1587 1449 1634 μειμο-

932 1647 1058 1715 σκοπηθέν
1071 1668 1101 1700 το
1117 1648 1331 1718 προσφερόμενον
1344 1646 1387 1700 διά
1399 1650 1448 1700 τοῦ

931 1727 1076 1798 ἀρχιερέως.
1093 1745 1139 1797 41.
1186 1728 1228 1781 διά
1245 1731 1291 1781 τοῦ
1307 1727 1449 1798 ἀρχιερέινς

931 1811 971 1862 καὶ
983 1810 1131 1880 προστάτου
1144 1808 1213 1877 ήμῶν
1224 1807 1311 1876 Ἰησοῦ
1321 1813 1445 1879 Χριστοῦ.

932 1890 981 1960 58.
1016 1893 1138 1961 κρεῖσσον
1150 1890 1207 1944 δέά
1224 1888 1362 1961 ἀρχιερεῦς.
1379 1888 1445 1966 Ι811.

932 1968 1040 2027 Philad.
1057 1989 1083 2045 9.
1136 1974 1177 2026 ἐπὶ
1197 1971 1334 2042 ἀρχιερέως
1353 1972 1447 2027 Φιλίπ-

930 2074 987 2107 που.
1010 2051 1095 2109 Mart.
1113 2051 1207 2127 Polyc.
1226 2069 1272 2107 21.

889 2132 1056 2205 Ἀρχοντικόε.
1098 2135 1143 2190 τὰς
1167 2135 1308 2190 συστάσεις
1330 2134 1376 2190 τάς
1399 2133 1447 2205 ἀρ-

929 2217 1052 2286 χοντιιιάς.
1074 2212 1236 2290 Ι811.Τ1·11Π.
1253 2228 1279 2286 5.

884 2296 1002 2367 Ἀρχων.
1029 2297 1059 2365 ἐξ
1072 2298 1149 2351 αὐτοῦ
1162 2299 1282 2360 βασιλεῖς
1295 2298 1335 2352 καὶ
1348 2297 1445 2369 ὄρχον-

930 2400 979 2434 τες.
1006 2375 1096 2434 Olem.
1114 2376 1130 2433 Ι
1149 2395 1195 2450 32.
1256 2380 1301 2447 τῆς
1322 2379 1445 2434 διδασκα-

930 2460 987 2516 λίας
1007 2463 1052 2513 τοῦ
1071 2460 1194 2531 ἄρχοντος
1213 2463 1259 2514 τοῦ
1277 2459 1367 2517 αἰῶνος
1383 2460 1444 2516 τοῦ·

931 2563 983 2596 του.
1010 2538 1073 2617 Ι811.
1094 2539 1166 2616 Eph.
1188 2553 1232 2613 17.
1286 2541 1381 2596 ἔλαθεν
1398 2545 1447 2599 τὸν

930 2623 1042 2694 ἀρχοντα
1061 2627 1107 2677 τοῦ
1127 2622 1225 2679 αἰῶνος.
1247 2638 1291 2694 19.
1332 2623 1379 2691 τήν
1398 2624 1446 2680 ἐπ-

931 2702 1016 2774 ήρειαν
1045 2708 1091 2759 τοῦ
1125 2705 1250 2774 ἀρχοντος
1276 2707 1321 2758 τοῦ
1354 2704 1446 2763 eifum

930 2783 1029 2840 τοῦτον.
1055 2782 1153 2861 Magn.
1172 2801 1195 2840 1.
1252 2787 1267 2838 ά
1287 2785 1374 2857 ἀρχειν
1396 2792 1446 2842 τοῦ

931 2866 1020 2923 αἰῶνος
1029 2866 1128 2923 τοῦτον.
1140 2863 1225 2921 ΤιτιΠ.
1239 2884 1265 2936 4.
1277 2871 1307 2923 et
1317 2864 1400 2923 Rom.
1414 2879 1443 2940 7.

931 2947 1032 3018 ἐνέδρας
1058 2951 1104 3002 τοῦ
1133 2948 1257 3019 ἄρχοντος
1282 2951 1328 3002 τοῦ
1353 2950 1446 3008 αἰῶνος

931 3028 1029 3084 τούτου.
1054 3026 1162 3084 Ρλὶλοά.
1185 3027 1212 3083 6.
1274 3031 1300 3083 οἱ
1321 3029 1445 3101 ἀρχοντες

931 3112 1018 3181 ὁραταί
1037 3133 1065 3165 τε
1089 3113 1129 3165 καὶ
1145 3110 1255 3182 ἀόρατοι
1279 3107 1392 3186 Smyrn.
1413 3112 1442 3168 6.

931 3192 1043 3263 ἐντυχεῖν
1057 3195 1094 3265 τῷ
1106 3192 1218 3263 ὅρχοντι.
1240 3189 1326 3249 Mart„
1346 3190 1443 3269 Polyc.

935 3285 978 3345 17.
1035 3275 1268 3345 καταγωνισάμενος
1290 3275 1336 3328 τὸν
1356 3275 1445 3330 ἀδεκον

929 3355 1046 3426 ἄρχοντα
1066 3372 1110 3427 19.

884 3432 998 3508 Ἀρειμα.
1054 3435 1175 3507 σμύρνης.
1203 3437 1243 3489 καὶ
1270 3440 1320 3491 τῶν
1345 3439 1444 3492 λοιπῶν

929 3517 1076 3588 ἀρωμάτων.
1098 3516 1186 3573 Clem.
1203 3514 1218 3570 I
1235 3529 1279 3588 25.
1326 3517 1341 3587 ἦ
1359 3519 1443 3574 ἀλλον

930 3600 996 3655 τινὸς
1013 3604 1062 3653 τεῦν
1079 3601 1167 3668 τιμίων
1184 3598 1329 3670 ἀρωμάτων.
1353 3597 1440 3657 Mart.

932 3678 1025 3754 Polyc.
1045 3693 1089 3751 15.

889 3761 1052 3818 Ἀσάλευτος.
1069 3763 1110 3817 ἐπὶ
1124 3765 1160 3835 τῷ
1172 3763 1217 3830 τῆς
1230 3762 1363 3830 ἐκκλησίας
1376 3762 1442 3818 ἀσα-

928 3840 1017 3917 λεῦτιρ.
1041 3841 1125 3899 Mart.
1142 3840 1206 3918 Ign.
1226 3859 1249 3897 1.
1298 3843 1443 3900 ἀσύλητον

929 3925 1088 3994 ἐπιμεῖναιτῇ
1098 3928 1173 3994 πυρᾷ.
1187 3922 1272 3981 Mart.
1286 3923 1380 3999 Polyc.
1394 3944 1439 4000 13·

335 4010 381 4060 τοῦ
396 4005 592 4076 μαθητεῦεσθαι.
644 4004 705 4080 Ign.
727 4003 799 4080 Eph.
820 4024 845 4077 3.
882 4002 1041 4069 Ἀσβεστος
1079 4007 1114 4062 εἷς
1136 4008 1165 4059 τὸ
1183 4010 1234 4077 πῦρ
1256 4007 1285 4060 τά
1308 4007 1442 4070 ἄσβεστον

335 4088 389 4156 ήτις
406 4089 477 4142 ἐστὶν
489 4088 556 4158 ἀρχή
570 4089 633 4154 ζωῆς
646 4086 687 4142 καὶ
700 4086 781 4143 τελος.
801 4105 845 4156 14.
928 4086 1048 4158 χωρήσει.
1065 4085 1127 4163 1811.
1143 4085 1217 4161 Eph.
1236 4087 1281 4141 16.

335 4169 401 4241 ἀρχή
424 4171 470 4238 μὲν
492 4171 586 4224 πίστις.
610 4166 646 4223 ib.
702 4168 797 4239 Ἀρχὴν
820 4170 848 4222 δέ
888 4167 1016 4233 Ἀσέβεια.
1054 4172 1094 4222 καὶ
1110 4168 1233 4241 φάγωμεν
1249 4168 1294 4236 τὴν
1310 4167 1438 4231 ἀσέβειαν.

336 4252 480 4315 ἐλάμβανεν
502 4254 531 4305 τὸ
554 4252 622 4321 παρά
644 4253 700 4324 θεῷ
724 4250 847 4322 ἀπηρτισ-
930 4247 1067 4305 016111.Ιῖ
1087 4267 1129 4305 10.
1172 4253 1249 4319 άτής
1265 4249 1386 4314 ἀσεβείας
1403 4251 1439 4305 δι·

335 4333 415 4402 με’νον.
442 4350 484 4404 19.
527 4332 554 4385 ἐν
574 4331 641 4403 ἀρχή
662 4334 702 4385 καὶ
722 4332 749 4386 ἐν
769 4333 845 4387 τέλει.
929 4329 1277 4407 δάσκαλος.Μ1116.ΡοῙ)’0.
1296 4348 1340 4386 12.

336 4412 432 4490 Magn.
453 4432 496 4487 13.
547 4413 562 4481 ή
583 4415 629 4480 μὲν
648 4416 698 4485 γάρ
719 4413 786 4484 ἀρχὴ
807 4416 847 4467 εῦ-
889 4411 1008 4482 Ἀσιβής.
1024 4415 1100 4482 ζήλον
1114 4459 1120 4470 .
1133 4459 1139 4469 .
1151 4455 1157 4466 .
1169 4412 1438 4484 ἀσιβήάνειληφθεας.

336 4500 495 4565 ουεονόμητός
513 4495 590 4549 ἐστιν.
607 4492 690 4549 Rom.
710 4512 733 4549 1.
784 4497 848 4551 Τοὺς
929 4492 1018 4551 Olem.
1035 4493 1050 4549 I
1065 4510 1091 4566 3.
1145 4497 1198 4550 τοῖς
1216 4492 1327 4559 ἀσεβέσι
1347 4494 1438 4566 τηροῦ-

336 4579 364 4632 δέ
390 4578 530 4647 μερισμοῦς
560 4574 678 4649 φεύγετε,
707 4578 740 4632 ὡς
767 4576 848 4648 ἀρχήν
927 4598 1002 4643 μενον
1014 4581 1074 4647 πῦρ.
1091 4573 1177 4632 Mart.
1194 4573 1288 4652 Polyc.
1308 4591 1352 4630 11.

335 4664 425 4714 κακῶν.
447 4658 559 4733 Smym.
576 4659 602 4713 8.
644 4657 725 4727 Ἀρχὴ
742 4659 769 4711 δὲ
785 4662 847 4713 πάν-
887 4657 1024 4712 Ἀσθάνεια
1060 4659 1104 4711 τὸν
1118 4658 1269 4726 ...βοηθὸν
1289 4659 1334 4726 τῆς
1359 4657 1439 4713 άσθτ.

334 4763 385 4795 των
397 4744 524 4811 χαλεπῶν.
541 4736 635 4813 Polyc.
653 4736 724 4794 Phil.
742 4760 767 4808 4.
803 4742 848 4793 τὸν
928 4740 993 4794 νείος
1008 4739 1085 4807 ήμῶν.
1103 4737 1192 4795 Clem.
1209 4737 1224 4794 Ι
1239 4740 1285 4812 36.

335 4823 364 4890 ἐξ
377 4822 457 4893 ἀρχῆς
470 4821 706 4892 ήμῖνπαραδοθέντα
720 4823 803 4892 λόγον.
819 4831 844 4891 7.
886 4817 1014 4887 Ἀσθενής
1079 4822 1104 4874 οἱ
1128 4820 1243 4878 ἀσθενιῖς
1267 4823 1303 4895 τῷ
1330 4821 1438 4890 σάματι.

334 4905 379 4972 τήν
390 4904 519 4968 Ῥωμαίων
531 4902 621 4973 ἀρχήν.
638 4901 722 4958 Mart.
739 4900 800 4977 Ign.
822 4919 843 4955 1.
928 4897 1016 4956 018111,
1031 4897 1084 4955 Ῑ6.
1116 4901 1264 4972 σνγγένειαν
1271 4901 1373 4970 ἀσθενῆ.
1393 4919 1437 4958 10.

334 4985 425 5056 ἀρχαῖς
445 4987 485 5038 καὶ
505 4985 632 5051 ἐξουσίαις
651 4985 701 5037 ὑπὸ
718 4987 764 5037 τοῦ
780 4987 847 5036 θεοῦ
927 4984 972 5035 τὸν
984 4981 1087 5051 ἀσθενῆ,
1102 4984 1117 5034 θ
1134 4984 1161 5036 δέ
1178 4982 1285 5052 ἀσθενής
1301 4983 1440 5054 ἐντρεπέτυ

334 5064 501 5137 τεταγμέναις.
559 5062 643 5120 Mart.
674 5062 767 5138 polyc.
800 5081 842 5118 10.
926 5064 970 5116 τὸν
993 5064 1107 5135 ἰσχυράν.
1131 5066 1176 5136 38.
1233 5066 1440 5132 ἐπισκσπθμινοι

333 5148 379 5216 τήν
401 5146 444 5201 ἀπ’
472 5147 552 5216 ἀρχῆς
579 5146 748 5214 ἀνεπίληπτον
773 5149 847 5200 πολι·
927 5146 1021 5201 πάντας
1044 5145 1165 5202 ἀσθενεῖς.
1203 5144 1298 5221 Polyc.
1319 5143 1391 5202 Phil.
1411 5146 1438 5202 6.

333 5230 407 5285 τεάαν.
428 5241 471 5299 17.
926 5229 1125 5298 πληροφορήσαι
1143 5228 1203 5284 τοῦς
1229 5227 1345 5283 ἀσθενεῖς
1365 5226 1438 5299 ήμάς.

293 5311 426 5384 Ἀρχηγός.
469 5311 587 5378 μυσαροῦ
608 5307 698 5375 ζήλους
716 5309 844 5380 ἀρχή-χοῦς.
928 5304 1013 5363 Mart.
1028 5305 1092 5381 Igu.
1108 5320 1134 5379 7.
