3250 6617
409 1077 472 1142 162
772 1078 802 1142 S.
828 1076 1075 1142 CLEMENTIS

408 1256 635 1349 κοιμηθῶσιν,
647 1247 873 1352 διαδέξονται
891 1249 999 1350 ἕτεροι
1018 1248 1306 1348 δεδοκιμασμένοι
1324 1247 1446 1352 ἄνδρες

299 1399 326 1411 ”
408 1375 473 1476 τὴν
505 1377 723 1481 λειτουργίαν
755 1379 883 1456 αὐτῶν.
942 1374 1036 1461 Τοὺς
1067 1377 1129 1456 οὖν
1161 1376 1447 1459 κατασταθέντας

339 1535 355 1572 ’-
408 1506 464 1586 ὑπ’
484 1505 632 1601 ἐκείνων,
652 1501 675 1603 ἢ
693 1500 828 1606 μεταξὺ
847 1505 907 1608 ὑφ’
926 1503 1052 1607 ἑτέρων
1068 1503 1274 1605 ἐλλογίμων
1292 1506 1444 1606 ἀνδρῶν,

406 1631 721 1732 συνευδοκησοὶσης
748 1635 810 1730 τῆς
837 1631 1028 1731 ἐκκλησίας
1051 1630 1186 1731 πάσης,
1207 1635 1265 1712 καὶ
1287 1641 1445 1734 λειτουρ·

406 1861 486 1919 hibet
513 1870 688 1917 ΕΔΩΚΑΣΙΝ.
740 1858 907 1936 Legendum
947 1858 1093 1918 stituendo
1116 1879 1276 1919 successore
1299 1860 1447 1919 inlocum

407 1942 481 2001 forte
494 1945 594 1998 ἔδωκαν.
946 1940 966 1997 J
967 1941 1040 1998 udae
1050 1941 1206 2014 traditoris,
1215 1961 1304 2019 quum
1313 1940 1446 2019 Apostoli

452 2044 474 2081 1.
497 2018 670 2103 eorundem]
690 2022 778 2080 Beate
791 2020 906 2078 defunc-
948 2021 1019 2080 duos
1046 2022 1268 2095 constituissent,
1290 2022 1389 2082 fideles
1411 2042 1447 2082 ex

407 2114 453 2164 tos
478 2105 601 2182 Spiritus
622 2103 675 2161 Dei
700 2104 805 2180 passim
825 2108 908 2160 vocat
948 2122 1047 2161 eorum
1074 2105 1210 2164 mandato
1236 2104 1395 2181 inquirunt,
1419 2112 1447 2164 et

407 2188 601 2257 κεκοιμημένους.
625 2185 746 2244 &Mate
763 2183 844 2242 xxvii
859 2196 906 2256 52,
945 2187 1089 2258 Ἐσισκοπῇ
1122 2186 1245 2263 quadam
1273 2186 1447 2264 Episcopum

408 2268 471 2327 Act.
497 2267 536 2326 vii
562 2268 608 2337 60,
640 2265 655 2322 I
682 2266 746 2325 Cor.
769 2287 807 2323 xv
833 2266 860 2335 6,
889 2262 906 2320 I
947 2265 1106 2344 designant,
1133 2271 1327 2326 ἐπισκέποπεκ
1357 2270 1448 2342 ἄνδρας

408 2349 502 2408 Thess.
526 2350 563 2406 iv.
583 2362 690 2423 13,15.
741 2347 783 2406 of.
809 2348 906 2423 Ignat.
946 2350 1186 2422 μιμορκυρημένουκ.
1203 2348 1350 2426 Cujusrei,
1359 2369 1448 2427 quum

407 2432 444 2488 ad
471 2432 553 2489 Rom.
583 2430 598 2505 §
624 2451 650 2502 4.
700 2428 747 2488 Sic
775 2429 907 2497 Hermas,
947 2429 1041 2488 obiter
1053 2429 1227 2489 mentionem
1242 2430 1363 2497 fecisset,
1376 2429 1448 2489 hanc

409 2512 518 2571 Pastor.
534 2512 550 2569 I
563 2511 594 2569 iii
607 2529 634 2585 5,
648 2511 773 2570 ‘Electis
787 2510 842 2568 Dei
857 2510 906 2586 qui
947 2530 1061 2569 eausam
1081 2511 1208 2589 assignat
1229 2511 1264 2573 D.
1288 2511 1448 2589 prrisnm

408 2594 626 2652 ‘dormierunt'
681 2592 739 2650 Vix
773 2591 907 2650 dubitant
947 2593 1033 2650 modo
1046 2592 1197 2652 laudatus:
1228 2592 1309 2652 ‘Hoc
1323 2601 1384 2652 tam
1405 2593 1446 2651 di-

408 2675 619 2753 Hilgenfeldius
646 2689 675 2734 et
696 2674 809 2751 Lipsius
838 2673 907 2750 quin
949 2674 1092 2751 ‘ligenter
1121 2682 1151 2733 et
1178 2681 1260 2734 caute
1294 2683 1448 2734 convocata

408 2760 560 2829 κοιμηθῶσιν
580 2757 616 2813 ad
637 2759 695 2814 rods
714 2756 908 2829 προειρημένους
948 2759 1033 2814 ‘toea
1052 2756 1135 2832 plebe
1154 2757 1315 2834 gerebatur,
1329 2776 1366 2815 ne
1385 2755 1447 2834 quis

408 2838 558 2915 pertineat,
572 2858 629 2894 non
642 2838 679 2895 ad
692 2837 854 2913 Apostolos.
948 2837 1007 2895 ‘ad
1020 2837 1118 2895 altaris
1132 2837 1332 2911 ministerium,
1346 2836 1392 2897 vel
1411 2836 1447 2896 sd

448 2919 485 2977 ib.
501 2920 706 2991 δεδοκιμασμένοι
718 2915 818 2998 ἄνδρες]
839 2938 907 2994 pre
948 2919 1173 2978 ‘sacerdotalem
1195 2920 1290 2979 locum
1313 2919 1446 2997 indignus

409 3000 475 3073 bati,
490 3000 605 3073 scilicet,
620 3000 663 3058 uti
677 2999 798 3070 videtur,
812 3020 830 3057 a
844 2998 908 3075 spi·
949 3005 956 3032 ‘
970 3001 1138 3077 obreperet*
1180 3000 1228 3060 Ita
1241 3008 1271 3060 et
1281 3000 1447 3060 Timotheus

408 3082 467 3140 ritu
488 3083 600 3140 Sancto.
643 3082 717 3140 Vide
736 3082 852 3158 supra§
868 3099 904 3152 42
947 3101 966 3138 a
987 3081 1020 3140 B.
1041 3082 1129 3140 Paulo
1150 3082 1345 3155 ordinabatur,
1363 3082 1447 3159 siqui·

408 3166 586 3235 δοκιμάσοντες
602 3169 637 3239 τῷ
651 3163 783 3234 Beripara.
947 3163 1013 3221 dem
1033 3165 1194 3237 ε’μσρινρκῖτο
1214 3167 1264 3221 tae
1281 3170 1333 3220 ro‘ov
1350 3166 1379 3219 ἐν
1398 3163 1446 3220 Διί·

451 3264 475 3303 2.
494 3246 692 3303 κατασταθέντος
710 3268 733 3301 κ.
748 3268 770 3301 τ.
786 3239 825 3324 λ]
852 3243 907 3301 Lo-
948 3269 1036 3318 urposs
1049 3246 1196 3321 κοὶἸκονίφ
1211 3247 1340 3318 ἀδελφῶν.
1382 3242 1446 3303 Aet.

407 3324 908 3466 racusanus
948 3325 1139 3466 aar
1156 3324 1449 3484 arrasa

408 3496 503 3567 partes
524 3428 601 3548 oriri
622 3496 650 3547 et
672 3428 774 3560 Pllibis,
789 3489 818 3544 in
838 3486 906 3564 Epi·
948 3488 968 3545 ii
993 3453 1103 3566 p.'216
1131 3489 1174 3547 ed.
1199 3484 1321 3569 Bened]
1348 3488 1449 3567 legisse

408 3591 558 3647 scoparum
585 3570 771 3629 ordinatione.
823 3572 905 3625 Kard·
949 3570 1066 3628 minime
1090 3570 1208 3647 pigebit,
1235 3569 1285 3647 qui
1307 3569 1358 3642 ait,
1383 3574 1448 3628 ‘ra-

408 3677 500 3711 mea
520 3653 557 3710 ad
572 3652 726 3728 Apostolos
746 3660 776 3709 et
790 3650 907 3726 Episco·
950 3652 1047 3728 ‘quiri
1071 3651 1102 3709 in
1123 3652 1282 3710 ordinando
1305 3650 1450 3711 sacerdota

408 3753 468 3812 pos,
503 3737 681 3803 συνευδόκησις
720 3733 757 3790 ad
793 3733 907 3790 Plebem
949 3733 1160 3810 ‘praesentiam
1180 3732 1289 3810 populi,
1306 3740 1341 3793 ut
1360 3732 1450 3792 sciant

408 3817 561 3892 spectabat.
609 3815 681 3872 Rem
703 3814 811 3891 optime
832 3813 909 3870 illus·
950 3820 1071 3872 ‘omnes
1091 3822 1120 3872 et
1137 3815 1207 3874 certi
1229 3814 1295 3888 sint,
1314 3814 1383 3893 quia
1402 3815 1450 3892 qni

408 3903 467 3956 trat
481 3897 514 3955 B.
530 3897 698 3973 Cyprianus,
714 3896 804 3972 Epist.
818 3894 908 3966 lxviii,
949 3908 956 3930 ⁴
972 3896 1163 3973 praestantior
1183 3903 1226 3955 est
1242 3915 1280 3955 ex
1300 3895 1380 3955 omni
1400 3916 1450 3974 po·

414 3977 505 4058 [lxvii
526 3998 552 4054 p.
571 3993 624 4052 172
647 3977 689 4035 ed
708 3977 846 4050 Fell.]—‘
858 3976 909 4032 Di·
950 3978 1048 4054 ‘pulo,
1060 3977 1108 4055 qui
1122 3977 1242 4049 doctior,
1255 3977 1304 4055 qui
1319 3978 1450 4050 sanctior,

410 4059 553 4136 ‘ligenter
573 4060 609 4117 de
622 4059 786 4117 Traditione
804 4057 911 4115 Divina
951 4059 1020 4136 ‘qui
1044 4059 1075 4116 in
1096 4059 1174 4117 omni
1196 4059 1304 4118 virtute
1326 4058 1451 4117 eminu-

410 4146 462 4199 ‘et
496 4140 664 4218 Apostolica
705 4138 910 4198 Observatione
950 4140 1038 4212 ‘tior,
1058 4140 1107 4198 ille
1127 4140 1244 4219 eligitur
1265 4140 1303 4198 ad
1323 4140 1451 4199 sacerdo·

411 4221 602 4281 ‘servandum
626 4228 721 4281 estet
745 4221 909 4291 tenendum,
952 4221 1047 4280 ‘tium
1058 4242 1067 4294 3
1082 4229 1111 4280 et
1124 4222 1178 4280 hoc
1191 4222 1323 4280 adstante
1337 4221 1451 4299 populo,

411 4309 418 4335 ‘
433 4304 509 4380 quod
523 4304 599 4380 apud
612 4323 663 4361 nos
678 4322 790 4381 quoque
808 4310 838 4361 et
851 4303 910 4360 fere
952 4314 959 4336 ‘
974 4324 1010 4361 ne
1024 4324 1080 4379 qua
1093 4303 1275 4380 postmodum
1284 4302 1452 4362 retractatio

411 4390 419 4416 ⁴
433 4406 484 4462 por
496 4386 641 4443 universas
657 4385 816 4461 prosincins
829 4392 907 4443 tene·
953 4390 960 4416 ‘
975 4385 1106 4461 cuipiam,
1120 4405 1156 4443 ne
1170 4384 1234 4462 quis
1246 4385 1398 4462 scrupulus
1410 4404 1452 4443 re

412 4473 419 4499 ‘
433 4476 489 4537 tur,
513 4475 546 4525 ut
572 4467 609 4524 ad
636 4467 828 4525 ordinationes
855 4466 910 4523 rite
953 4467 1097 4526 ‘sideret’
1120 4467 1180 4525 Iste
1193 4474 1289 4525 autem
1303 4465 1396 4543 plebis
1409 4474 1452 4525 est

413 4549 622 4620 ‘celebrandas
644 4549 681 4606 ad
708 4569 771 4607 cam
797 4548 909 4624 plebem
952 4568 1089 4620 assensus,
1103 4568 1189 4625 quam
1205 4547 1403 4608 Tbeodoretns
1422 4546 1451 4606 in

412 4632 478 4687 ‘cui
489 4631 666 4708 praeposit-us
677 4631 833 4701 ordinatur,
843 4629 910 4706 Epi·
952 4650 1035 4688 causa
1058 4630 1144 4701 Petri,
1171 4628 1340 4688 successoris
1362 4628 1452 4689 Atha·

413 4712 511 4788 ‘scopi
526 4713 652 4787 ejusdem
669 4713 831 4789 provinciae
844 4731 909 4787 pro·
952 4713 1031 4784 nasii,
1053 4712 1083 4769 iv
1101 4731 1146 4783 20,
1165 4711 1309 4784 describit,
1323 4710 1402 4789 quod
1421 4710 1451 4769 in

413 4794 505 4850 ‘ximi
519 4794 624 4870 quique
638 4794 857 4858 conveniantet
871 4793 909 4848 E·
952 4794 1001 4851 illo
1029 4799 1043 4849 ὁ
1070 4797 1132 4851 λαὸς
1153 4797 1219 4852 ἅπας
1239 4798 1295 4851 τοῖς
1318 4792 1451 4866 εὐφημίαι

413 4875 566 4951 ‘piscopus
579 4875 721 4951 deligatur
734 4875 817 4951 plebe
829 4894 909 4950 prae-
952 4877 1057 4944 ἐδήλουν
1069 4876 1115 4946 τὴν
1127 4876 1224 4945 ἡδονήν.
1267 4873 1304 4931 Ιο
1326 4872 1452 4933 Ecclesia

414 4962 523 5028 ‘senta
537 4976 609 5032 quac
629 4957 806 5032 singulorum
821 4957 912 5014 vitam
951 4964 1049 5014 nostra
1062 4955 1218 5014 etiamnum
1231 4954 1389 5033 requiritur
1401 4977 1408 5023 ;
1422 4962 1451 5013 et

413 5037 596 5113 ‘plenissime
617 5038 706 5102 novit,
728 5046 757 5096 et
779 5038 911 5095 uniuscu·
951 5044 1018 5097 ante
1037 5037 1155 5096 collatos
1170 5038 1388 5113 Presbytsratus
1405 5054 1449 5095 or·

414 5120 535 5195 ‘jusque
548 5128 644 5177 actum
662 5119 697 5176 de
714 5120 774 5196 ejus
796 5139 911 5177 conver·
951 5120 1031 5179 dines
1058 5119 1088 5176 in
1115 5118 1224 5177 solenni
1249 5118 1360 5189 Officio,
1381 5116 1448 5176 allo
1530 5127 1532 5131 '

414 5200 544 5258 ‘satione
557 5199 720 5277 perspexit!
744 5201 788 5260 Ita
802 5201 832 5259 in
846 5202 910 5260 sub·
951 5201 1029 5260 cutio
1042 5201 1078 5259 ad
1092 5200 1204 5277 plebem
1217 5199 1347 5260 habetur.
1389 5198 1450 5257 Nec
