3250 6617
355 1073 419 1136 242
721 1070 753 1133 S.
777 1068 1034 1134 CLEMEN'l'IS

356 1253 377 1288 “
396 1243 438 1321 οὐ
466 1240 639 1347 ρἀονται
659 1241 705 1321 τά
731 1243 836 1321 τέκνα
860 1243 977 1321 αὐτῶν
997 1243 1035 1320 ε’ν
1062 1242 1106 1345 τῇ
1134 1239 1397 1344 αἱχμαλωσίᾳ.”

357 1374 401 1448 Ei
420 1367 457 1447 δὲ
475 1371 533 1447 καὶ
557 1373 589 1446 oi
618 1377 769 1449 τοιοῦτοι
794 1369 918 1447 δίκαιοι
941 1370 982 1447 οὐ
1004 1368 1168 1448 δύνανται
1188 1373 1264 1452 ταῖς
1281 1369 1399 1446 αὐτῶν

356 1496 592 1581 δικαιοσύναις
622 1497 805 1600 ῥύσασθαι
834 1494 879 1577 rei
907 1494 1012 1574 τέκνα
1041 1495 1171 1591 αὐτῶν,
1205 1494 1311 1593 ἡμεῖς,
1338 1491 1400 1572 ε’ἀν

356 1622 406 1723 μὴ
436 1624 646 1726 τηρήσωμεν
677 1622 719 1704 τὸ
756 1621 947 1722 βάπτισμα
982 1620 1094 1723 ἁγνὸν
1123 1627 1181 1703 καὶ
1217 1623 1398 1721 ἀμίαντον,

356 1752 441 1858 ποίᾳ
467 1749 674 1850 πεποιθήσει
697 1749 970 1849 εἱσελευσάμεθα
992 1754 1040 1834 εἷς
1064 1747 1105 1829 τὸ
1132 1750 1319 1844 βασίλειον
1337 1757 1433 1842 τοῦ5

359 1883 476 1972 Θεοῦ;
505 1875 527 1976 ἢ
556 1878 608 1961 τίς
636 1878 736 1977 ἡμῶν
758 1876 988 1981 παράκλητος
1012 1877 1125 1975 ἔσται,
1145 1877 1206 1956 ε’ἀν
1230 1875 1280 1977 μὴ
1304 1880 1399 1980 εὑρε-

359 2010 475 2103 θῶμεν
492 2003 579 2106 ἔργα
596 2003 734 2110 ἔχοντες
752 2004 837 2084 ὅσια
855 2007 913 2083 καὶ
932 2006 1068 2103 δίκαια;

195 2158 345 2209 Siooertan·
418 2130 472 2212 Z'.
496 2130 614 2213 Ὥστε
641 2134 713 2231 οὖν,
736 2133 889 2239 ἀδελφοί
912 2168 995 2232 μου,
1021 2132 1288 2234 ἀγωνισώμεθα,
1313 2131 1401 2212 εἰδό-

195 2225 348 2348 iouriiiiur,
361 2294 418 2345 τες
440 2260 493 2340 ἀνι
520 2262 557 2338 ε’ν
575 2263 699 2365 χερσὶν
718 2264 738 2341 ὁ
755 2259 855 2339 αι’ὤν·
886 2262 944 2340 καὶ
967 2261 1021 2341 ὅτι
1041 2267 1089 2346 εἷς
1116 2261 1197 2346 τοὺς
1224 2257 1405 2368 φθαρτοὺς

196 2360 336 2485 iiiffii
362 2391 503 2490 ἀγῶνας
531 2387 794 2468 καταπλέουσιν
816 2389 962 2484 πολλοί,
987 2390 1071 2468 ἀλλ’
1097 2390 1138 2468 οὐ
1163 2387 1292 2473 πάντες
1319 2422 1403 2469 στε-
1422 2424 1458 2462 ιο

198 2487 325 2535 misimus
464 2523 479 2539 a
610 2520 618 2543 ς
681 2512 691 2540 t
742 2519 750 2541 ι
888 2513 898 2543 t
1026 2514 1036 2539 Ι
1245 2518 1256 2543 x
1368 2522 1384 2539 a

363 2523 568 2624 φανονντοα,
591 2549 619 2593 ει
647 2551 697 2614 μη
720 2549 752 2593 οι
777 2525 904 2594 πολλα
931 2549 1173 2613 καπιασαντες,
1201 2551 1259 2595 και
1286 2527 1407 2601 καλως

364 2641 635 2744 ἀγωνισάμενοι.
697 2643 823 2740 Ἡμεῖς
841 2643 904 2721 οὖν
920 2642 1187 2744 ἀγωνισώμεθα,
1204 2644 1262 2722 ἵνα
1279 2641 1408 2728 πάντες

365 2776 665 2877 στεφανωθῶμεν.
719 2766 837 2849 Ὥστε
861 2776 978 2868 θῶμεν
998 2768 1063 2870 τὴν
1081 2769 1164 2850 ὁδὸν
1181 2768 1247 2870 τὴν
1263 2772 1407 2867 εὐθεῖαν,

367 3063 416 3096 τοι.
452 3038 641 3115 Expositione
654 3038 684 3096 in
700 3038 771 3096 Psal.
788 3037 868 3095 xlviii
910 3038 959 3116 qui
973 3038 1341 3115 inceptivitetescribebet,
1351 3058 1409 3116 que

374 3118 405 3200 [v
424 3141 450 3197 p.
470 3139 527 3176 210
549 3119 591 3177 ed.
609 3116 728 3199 Bened]
745 3122 807 3176 Ἐὰν
820 3127 869 3190 στῇ
910 3140 975 3178 eum
1002 3120 1068 3178 filiis
1095 3120 1185 3179 Isreel
1216 3120 1407 3180 detinebatur.

370 3205 427 3257 Νωὲ
455 3205 494 3257 καὶ
521 3202 582 3267 Ἰὼβ
609 3206 648 3257 καὶ
676 3201 778 3273 darrih,
802 3204 870 3259 υἱοὺς
911 3202 1000 3259 Recte
1027 3201 1118 3279 igitur
1144 3202 1330 3260 subaudiatur
1356 3203 1410 3279 qui

370 3286 452 3339 αὐτῶν
477 3286 517 3338 καὶ
544 3284 682 3356 θυγατέρος
708 3286 739 3339 οὐ
765 3286 798 3354 μὴ
825 3283 871 3355 pisi·
910 3293 980 3341 duret
1006 3292 1073 3342 aute
1107 3287 1137 3340 τὸ
1170 3284 1204 3341 in
1237 3284 1408 3360 captivitate.

370 3388 465 3421 σοντω.
510 3362 666 3421 Clementis
681 3365 778 3434 ἀναστῇ
792 3364 868 3421 idem
910 3363 1132 3422 COUSTANT.

371 3445 512 3522 significet
545 3451 630 3521 etque
671 3444 869 3521 Chrysostomi
953 3461 978 3519 5.
995 3451 1023 3502 τὸ
1033 3442 1180 3525 βασίλεων]
1197 3445 1336 3522 Displicet
1347 3446 1411 3504 Bir-

372 3532 429 3597 στῇ,
457 3526 510 3583 hoc
538 3533 589 3597 est,
617 3527 750 3595 steterint,
778 3536 868 3583 etate·
909 3527 952 3585 rio
975 3528 1009 3584 in
1027 3529 1137 3603 repimn
1153 3528 1216 3586 Dei.
1260 3532 1411 3602 Κωνσλσγίιι

371 3617 470 3680 entur,
484 3618 647 3682 eaeeerpcoe.
677 3607 753 3664 Nem
768 3614 871 3665 utnon
912 3616 955 3666 est
969 3609 1054 3681 enim,
1068 3609 1170 3685 inquit,
1184 3629 1236 3685 pro
1251 3612 1287 3667 εἰς
1302 3612 1347 3679 τὴν
1359 3615 1409 3676 βσ-

372 3688 549 3765 intelligatur
570 3688 605 3746 de
627 3689 872 3746 resurrectionen
912 3693 1017 3747 σιλείον.
1062 3690 1119 3749 Sed
1147 3690 1272 3748 Graecae
1298 3690 1412 3749 litterae

373 3771 502 3843 mortuis,
524 3769 593 3828 facit
617 3776 729 3847 praeter
756 3777 872 3827 contex-
912 3771 1118 3829 inhaerendum
1151 3779 1230 3848 puto,
1264 3792 1298 3829 eo
1334 3772 1412 3849 quod

373 3860 436 3909 tum
451 3853 623 3927 Scripturas,
634 3851 710 3928 quod
721 3859 790 3910 tunc
801 3858 873 3909 tem·
914 3852 942 3910 S.
954 3852 1038 3910 Pater
1052 3853 1177 3929 digitum
1190 3853 1309 3911 sonasse
1319 3853 1412 3912 inten-

373 3932 451 4010 poris
473 3933 582 3992 viveret
603 3933 712 3990 Duniel.
736 3931 871 3991 COTEL.
914 3933 989 3992 derit
1010 3934 1040 3991 in
1056 3935 1219 4011 parabolem
1233 3934 1268 3992 de
1283 3955 1350 4012 rege
1363 3935 1413 4011 qui

375 4014 506 4071 Clemens
526 4022 623 4072 noster
639 4014 669 4070 in
688 4013 732 4071 his
753 4013 875 4072 citandis
915 4015 982 4073 feeit
1002 4016 1116 4092 nuptias
1141 4016 1199 4074 filio
1223 4035 1283 4087 suo,
1307 4016 1412 4075 Mstth.

375 4094 603 4172 compendiosius
629 4115 662 4152 ee
686 4095 768 4166 dixit,
788 4115 875 4171 quem
916 4096 1103 4170 xxii11,12,
1126 4097 1218 4174 deque
1241 4117 1276 4155 eo
1302 4097 1353 4174 qui
1379 4099 1416 4156 in

375 4177 452 4253 epud
497 4176 675 4234 Ezechielem
717 4177 873 4254 leguntur;
915 4178 1026 4252 rapiam
1046 4177 1197 4256 ingressis,
1211 4179 1318 4256 absque
1335 4186 1416 4238 veste

376 4258 451 4336 apud
466 4277 532 4315 eum
553 4258 629 4315 enim
650 4264 715 4316 octo
734 4267 876 4317 commeta
916 4259 1038 4335 nuptiali
1048 4259 1198 4317 discubuit.
1211 4259 1376 4318 GALLAN
1377 4261 1413 4318 D.

377 4346 523 4415 occupant.
578 4339 634 4397 Sed
669 4338 711 4396 ita
744 4339 832 4397 citare
859 4359 876 4396 a
917 4339 959 4398 Of.
976 4339 1161 4414 ε’πίγειονεῖναι
1174 4345 1204 4398 τὸ
1223 4345 1358 4407 βασίλειον
1370 4349 1417 4398 τοῦ

377 4440 456 4478 more
476 4421 593 4478 Petrum
613 4419 875 4496 antiquissimorum
917 4428 1029 4495 Χριστοῦ
1062 4422 1093 4479 in
1128 4421 1189 4480 Caii
1224 4422 1414 4500 Fmgmentis.

378 4521 435 4559 non
449 4502 590 4560 abhorret.
614 4501 734 4559 WOTT.
769 4503 877 4570 Ἀνέστη
919 4503 1024 4560 Rout-h.
1042 4503 1102 4562 Rel.
1119 4505 1195 4563 Sscr.
1211 4504 1232 4561 ii
1250 4507 1313 4562 128.

379 4583 484 4660 legitur
494 4583 523 4640 in
534 4583 614 4641 libris
628 4583 712 4659 impr.
722 4590 788 4640 ente
799 4583 879 4640 Wot·
961 4603 986 4658 9.
1003 4585 1043 4641 ὅτι
1057 4588 1083 4642 ἐν
1095 4590 1186 4659 χερσὶν
1198 4591 1212 4642 ό
1230 4588 1313 4661 αἰών]
1336 4584 1418 4644 Vitio

379 4673 489 4735 tonum,
503 4665 552 4741 qui
573 4665 725 4723 lectionem
740 4663 818 4722 MSti
836 4683 879 4721 re·
919 4666 1047 4724 laborare
1067 4666 1143 4725 hune
1161 4667 1255 4726 locum
1274 4667 1418 4744 suspieen-

380 4746 502 4804 vocevit.
920 4756 968 4804 tur
989 4747 1058 4806 Fell.
1088 4749 1178 4808 Cotel.
1208 4748 1317 4808 Colom.
1344 4747 1419 4807 (lou-

427 4847 450 4883 1.
468 4830 539 4898 ἐντῇ
561 4823 744 4905 αἰχμαλωσίᾳ]
769 4826 880 4884 Vende·
920 4829 1050 4902 stantius,
1064 4838 1094 4888 et
1114 4830 1231 4889 mellent
1250 4833 1326 4904 ἀγών,
1341 4831 1419 4908 quod

381 4908 463 4979 linus,
479 4909 512 4966 de
527 4909 696 4984 captivitate.
740 4907 882 4965 Observet
921 4908 949 4965 in
964 4916 1046 4969 textu
1060 4911 1196 4970 exhibent
1210 4912 1419 4971 Sehoenemnn-

383 4989 549 5060 Cotelerius,
577 4998 606 5047 et
640 4990 674 5046 in
708 4989 879 5064 captivitate,
920 5010 974 5047 nus
994 4999 1024 5049 et
1039 4993 1175 5052 Helelius
1228 4992 1331 5052 Facilis
1351 5012 1420 5052 sene

382 5071 458 5146 quod
480 5071 604 5129 Graecus
622 5078 721 5128 textus
745 5070 880 5147 postulat,
921 5072 1063 5144 muteti03
1078 5073 1420 5152 istamqueeonjectumm

384 5151 477 5209 dicere
492 5152 633 5209 Ezechieli
647 5152 766 5223 licuisse,
780 5160 882 5228 utpote
922 5173 1099 5232 nequequam
1114 5155 1276 5232 improbent
1287 5158 1417 5216 Wotton.
