3250 6617
543 1064 606 1127 AD
629 1063 921 1142 CORINTHIOS,
943 1063 1029 1127 xxix.
1246 1068 1309 1131 113

276 1247 308 1308 et
333 1234 397 1311 obi
424 1263 450 1311 a
467 1236 578 1335 facie
607 1250 671 1311 tuo
700 1236 938 1311 occultator?
975 1234 1010 1309 si
1035 1233 1233 1309 oscerrdoro
1268 1234 1310 1308 io

273 1355 419 1441 coelom,
445 1367 485 1428 tu
512 1354 592 1428 illic
621 1381 658 1429 es
670 1385 683 1440 ,-
708 1353 743 1429 si
764 1352 818 1428 od
843 1368 964 1428 terroe
989 1364 1151 1426 extremo
1173 1351 1310 1438 obiero,
1387 1357 1390 1364 '

270 1467 403 1544 dextro
429 1484 495 1545 too
528 1470 630 1556 illim
668 1471 702 1545 si
730 1483 888 1545 stratum
909 1495 1069 1566 posuero
1103 1467 1146 1541 iu
1171 1469 1310 1566 abysso,

268 1581 348 1658 illic
377 1598 427 1659 est
453 1584 625 1683 Spiritus
659 1599 750 1659 torreo.
803 1585 886 1677 Quo
920 1584 1037 1684 igitur
1069 1584 1186 1658 abibit
1213 1586 1310 1684 quis-

261 1701 376 1798 piam
401 1702 461 1775 vel
495 1729 568 1801 quo
602 1702 780 1803 aufugiet,
809 1702 856 1776 ab
891 1727 933 1774 eo
968 1701 1032 1800 qui
1066 1701 1187 1775 omnia
1216 1728 1310 1775 com-

256 1816 464 1913 plectitur?

320 1934 463 2010 XXIX
490 1935 716 2010 Accedamus
745 1961 832 2034 ergo
861 1934 909 2008 ad
937 1961 1020 2008 eum
1047 1934 1087 2007 in
1116 1933 1311 2007 sanctitate

246 2053 420 2139 animae,
442 2062 562 2127 costas
591 2063 630 2126 et
649 2051 860 2152 impollutas
889 2078 1019 2125 manus
1049 2050 1235 2125 elevantes
1264 2050 1311 2124 ed

243 2161 381 2255 illum,
398 2168 595 2269 diligentes
611 2168 811 2268 benignum
829 2177 868 2241 et
884 2166 1151 2241 misericordem
1163 2168 1311 2241 Patrem

240 2294 444 2372 nostrum,
462 2286 527 2384 qui
551 2312 617 2359 nos
643 2284 829 2359 electionis
854 2293 998 2383 partem
1018 2283 1088 2356 sibi
1104 2284 1199 2357 fecit.
1252 2283 1312 2358 Sic

239 2400 365 2475 enim
395 2402 574 2502 scriptum
599 2413 679 2477 est:
708 2400 867 2492 Quando
891 2399 1080 2475 dividebat
1098 2399 1312 2474 Altissiovos

242 2671 339 2724 ὀπου
361 2693 412 2726 σου
434 2676 485 2727 ποῦ
504 2670 600 2744 φύγω
622 2671 666 2725 ε’ὰν
685 2670 771 2736 deofl&
853 2670 882 2725 8.
901 2671 978 2742 ἁγνὰς
994 2672 1034 2724 καὶ
1053 2671 1186 2738 ὀμιόντους
1207 2665 1307 2748 χεῖρας]

247 2752 305 2807 εἰς
329 2754 374 2806 τὸν
395 2753 508 2825 οὐρανόν,
533 2753 568 2807 σὺ
592 2749 617 2807 εἴ
640 2753 699 2807 ε’κεῖ·
727 2754 772 2806 ἐὰν
812 2749 949 2808 Imitetur
960 2750 988 2807 S.
1000 2750 1121 2807 Paulum
1131 2750 1161 2807 in
1172 2749 1313 2825 prioreod

249 2836 370 2896 ἐπιπβῶ
392 2835 426 2890 εἷς
448 2833 604 2903 ςόνἈιδιγν,
623 2836 705 2905 πάρει·
728 2834 772 2887 εἰὶν
811 2831 993 2889 Timotheum
1007 2831 1144 2908 Epistola,
1160 2831 1180 2887 ii
1194 2834 1220 2889 8.

251 2913 387 2980 ὸολάβο
413 2917 459 2972 τὰς
484 2916 612 2988 πτέρυγάς
643 2938 692 2983 μου
718 2914 770 2970 κατ’
856 2933 897 2970 ιο.
923 2914 951 2971 ὃς
970 2909 1086 2992 ἐκλογῆς]
1114 2912 1226 2984 bunius,
1250 2912 1313 2970 Fel-

261 2995 368 3066 ὅρθρον,
397 3000 437 3051 καὶ
463 2999 651 3066 moerendos
679 2997 715 3053 εἷς
740 2998 772 3050 τὰ
812 2994 864 3065 lus,
889 2993 997 3052 Colom.
1022 3003 1051 3052 et
1076 2993 1165 3052 Cotel.
1195 2994 1313 3052 mallent

265 3078 367 3148 ἶοχιιτο
379 3079 424 3146 τῆς
440 3078 583 3146 θαλάσσης,
597 3080 637 3144 καὶ
654 3079 704 3150 γὰρ
722 3078 772 3131 ε’κεῐ
812 3076 841 3134 ὃς
857 3077 920 3146 ἡμᾶς
938 3079 1051 3149 ἐκλογῆς,
1067 3076 1179 3134 Bolslus
1200 3076 1227 3134 ὃς
1242 3077 1313 3148 ἡμᾶς,

271 3157 285 3226 ἦ
298 3160 354 3230 χείρ
368 3181 419 3213 σου
431 3158 553 3231 ὁδηγήσει
564 3182 604 3228 με,
619 3160 658 3213 καὶ
672 3159 770 3227 καθέξει
810 3157 857 3215 vel
870 3160 902 3212 rt
914 3160 979 3228 ἕθνιγ,
994 3157 1071 3234 quod
1086 3158 1189 3233 probat
1203 3157 1315 3216 Wotto-

270 3261 300 3307 με
313 3239 328 3308 ἡ
342 3241 413 3309 δεξιά
426 3263 484 3295 σου.
506 3238 586 3296 Haec
596 3259 613 3294 a
623 3237 770 3297 Clemente
811 3258 865 3295 nus
886 3245 1004 3314 propter
1024 3258 1057 3296 ea
1071 3259 1143 3315 quae
1156 3246 1315 3316 sequuntur

270 3320 496 3396 compendiosius
510 3319 651 3392 dicuntur,
665 3319 725 3377 eive
739 3339 773 3377 es
812 3320 899 3378 citata
913 3340 928 3378 e
942 3320 1174 3378 Deuteronomio.
1210 3323 1257 3387 obe¹
1274 3324 1313 3377 ἐκ-

270 3401 435 3460 memoriter
460 3400 565 3473 citarit,
592 3401 629 3458 sd
658 3420 773 3459 sensum
811 3407 890 3475 λογῆς
910 3401 1006 3478 potius
1026 3401 1238 3459 rescribendum
1254 3422 1315 3460 esse

270 3500 324 3539 non
351 3482 389 3540 sd
416 3484 503 3541 verbe
528 3482 686 3548 attendens,
714 3482 773 3541 sive
812 3490 897 3559 putot
923 3481 1064 3554 Davisius,
1091 3490 1125 3541 ut
1151 3483 1188 3539 ud
1215 3503 1315 3542 vocem

271 3582 302 3621 en
327 3563 358 3621 in
385 3564 587 3640 compendium
620 3564 771 3641 redegerit.
812 3566 882 3635 ἡμῶν
908 3564 1053 3622 referatur.
1096 3564 1245 3622 Davisium
1272 3585 1315 3622 se-

271 3643 401 3703 Clemens
425 3645 637 3704 Alexaudu‘uus
671 3645 701 3702 in
728 3646 773 3704 his
813 3652 942 3722 quuntur
956 3645 1085 3703 Gallsnd.
1101 3655 1129 3703 et
1148 3646 1312 3704 Schoenem.

270 3725 389 3785 citandis
406 3727 525 3805 propius
543 3727 652 3786 accedit
665 3727 701 3784 od
716 3727 772 3784 Ro
813 3726 926 3786 Lectori
951 3727 1102 3784 arbitrium
1130 3726 1159 3783 iu
1184 3727 1314 3804 eligendo

1326 1966 1335 1999 1
1348 1951 1409 2000 Tim.
1422 1952 1439 2001 ii
1450 1952 1473 2001 8.

1324 2430 1476 2481 Deutxxxii

1325 2498 1347 2557 8,
1361 2510 1384 2559 9.

270 3826 386 3866 menum
412 3828 500 3886 quam
526 3808 563 3866 sd
590 3808 671 3865 LXX
699 3807 770 3868 Intt.
812 3808 881 3867 fecit
905 3808 1042 3867 Hefclius.
1085 3807 1228 3880 Irenaeus,
1252 3809 1315 3866 Ivi
1419 3874 1421 3878 ,

272 3885 388 3968 [Strom
409 3889 438 3948 iv
455 3910 501 3960 22,
522 3910 548 3967 p.
566 3891 624 3963 625
645 3890 689 3948 ed.
706 3890 773 3949 Pot·
815 3910 842 3961 4,
856 3910 883 3966 p.
900 3909 934 3964 31
953 3890 996 3948 ed.
1013 3889 1147 3948 Massuct.
1164 3893 1267 3948 ἑαυτοὺς
1286 3893 1315 3946 u

270 3967 334 4052 len]
353 3970 475 4030 WOTT.
528 3971 584 4029 Pro
604 3973 697 4043 ἀφίγξω
719 3971 772 4029 Ju·
812 3974 985 4045 ὖπερυψοῦσι,
999 3974 1110 4029 τελείους
1123 3973 1314 4037 ἀποκαλοῦντες,

270 4052 341 4125 niue,
363 4052 470 4125 Fellus,
494 4052 678 4124 Colomesius,
702 4054 772 4110 mel-
813 4057 853 4109 καὶ
867 4055 1001 4125 σπέρματα
1015 4056 1128 4126 ἐκλογῆς.

271 4131 328 4192 lent
341 4136 487 4208 ἇφῖξομιιιὶ
510 4134 621 4192 Bolsius
636 4135 769 4206 φεύξομαι
857 4136 976 4191 ῙῙ.Ὀτε
997 4130 1143 4214 διεμέριζεν]
1163 4134 1210 4192 Ita
1222 4133 1312 4193 Wott.

271 4213 377 4274 Vocem
391 4217 497 4288 ἀφήκειν
506 4223 627 4293 usurpat
636 4215 726 4287 Plato,
737 4216 772 4274 de
813 4214 896 4273 Russ.
912 4215 1044 4274 Gallond.
1066 4215 1232 4274 Sehoenem.
1253 4216 1313 4275 He-

271 4295 427 4374 Republics
446 4297 486 4353 vii
506 4317 551 4370 12,
572 4317 658 4374 quem
677 4297 773 4355 locum
813 4296 858 4355 fel.
887 4305 916 4356 et
945 4297 1110 4368 Dresselius‚
1143 4317 1207 4355 cum
1243 4296 1314 4355 Cod

269 4377 406 4437 indicavit
419 4378 535 4436 Millius.
813 4377 900 4437 MSto
927 4388 956 4438 et
983 4378 1064 4435 LXX
1089 4379 1159 4437 Intt.
1203 4378 1315 4438 Caeteri

309 4480 336 4534 3.
352 4456 538 4540 κατοοτρῶσω]
561 4458 642 4517 LXX
661 4464 770 4527 καταβῶ.
813 4459 886 4517 Edd
902 4463 1048 4533 διεμέρισεν.
1092 4460 1163 4518 Mox
1182 4479 1315 4536 pruvera

270 4540 387 4619 Optime
407 4542 547 4618 expressit
567 4541 700 4600 Clemens
712 4541 773 4598 vim
812 4540 933 4599 lectione
944 4542 1137 4614 detricesimo,
1147 4560 1315 4617 quommar-

268 4623 348 4681 verbi
381 4622 517 4681 Hebraici
527 4643 537 4696 3
570 4642 662 4699 neque
696 4621 773 4680 enim
812 4622 873 4699 gini
891 4630 1028 4698 tanquam
1049 4623 1241 4699 conjecturam
1265 4643 1314 4700 sp-

267 4723 380 4781 semper
400 4704 448 4763 ille
467 4704 598 4782 sequitur
612 4704 773 4762 versionem
813 4704 909 4780 posuit
923 4704 1036 4774 bunius,
1049 4703 1116 4762 libb.
1132 4704 1215 4780 impr.
1230 4704 1316 4781 pleri·

268 4784 349 4843 LXX
377 4785 449 4844 Intt.
477 4786 527 4844 sed
554 4786 700 4845 interdum
726 4785 771 4844 vel
813 4805 869 4861 que
883 4789 916 4843 ὡς
930 4787 957 4840 δὲ
971 4788 1094 4857 ἔσπειρεν.

267 4887 347 4926 amm
357 4868 402 4926 vel
418 4867 539 4927 aliorum
550 4867 692 4926 Hebraico
705 4867 771 4925 doc·
857 4886 900 4924 12.
913 4870 975 4922 κατὰ
985 4868 1091 4939 ἀριθμὸν
1098 4868 1214 4940 ἄγγελον
1224 4869 1313 4941 θεολ]

268 4957 364 5008 torum
378 4949 511 5026 praefert.
535 4947 705 5007 BOISIUS.
812 4947 860 5006 Ite
874 4947 994 5024 legimus
1006 4947 1082 5023 apud
1094 4947 1174 5004 LXX
1184 4948 1271 5021 Intt.;
1285 4958 1314 5008 st

307 5046 334 5104 5.
344 5036 398 5087 Ποῖ
406 5031 451 5087 οὖν
461 5027 511 5110 τις]
524 5031 573 5089 Its
580 5030 649 5090 Cod
660 5029 769 5101 MStus‚
810 5029 895 5088 aliter
908 5028 1029 5088 hebetur
1041 5049 1059 5086 o
1069 5028 1162 5088 Textu
1174 5029 1313 5102 Hebraeo,

266 5131 323 5171 non
336 5117 394 5169 Ποῦ
406 5110 451 5171 uti
465 5111 598 5171 Clericus
811 5111 864 5172 viu
889 5112 1046 5170 urendum
1068 5132 1223 5172 bunuorum
1235 5112 1315 5188 filio-

308 5226 379 5271 VOL.
396 5226 419 5271 1.
903 5226 926 5286 Q
