3250 6617
392 1070 455 1132 110
755 1066 788 1129 S.
811 1065 1069 1130 CLEMENTIS

391 1255 413 1290 “
429 1242 466 1321 τι’
491 1242 680 1340 ἐποίησας;
721 1237 743 1340 ἢ
772 1242 826 1325 τίς
857 1238 1108 1339 ἀντιστήσεται
1140 1243 1192 1344 τῷ
1221 1233 1340 1340 κράτει
1373 1239 1441 1335 τῆς

392 1381 413 1417 “
431 1369 557 1476 ἰσχύος
588 1369 695 1448 αὑτοῦ
709 1367 741 1465 ;”
764 1365 857 1448 Ὅτε
881 1366 985 1462 θέλει,
1010 1369 1068 1446 καὶ
1092 1370 1141 1451 ὡς
1165 1362 1270 1462 θέλει,
1293 1364 1439 1464 ποιήσει

389 1495 516 1594 πάντα,
536 1500 593 1576 καὶ
620 1497 720 1577 οὐδέν
743 1494 792 1594 μὴ
816 1491 979 1601 παρέλθῃ
1005 1503 1078 1576 τῶν
1100 1493 1438 1596 δεδογματισμένων

391 1625 448 1706 ὑπ’
467 1627 587 1706 αὑτοῦ.
648 1622 775 1706 Πάντα
806 1624 955 1705 ἐνώπιον
984 1626 1092 1704 αι’ττοῦ
1118 1625 1221 1720 εἰσίν,
1246 1626 1304 1702 καὶ
1331 1622 1437 1703 οὐδέν

389 1749 543 1853 λέληθεν
569 1752 635 1852 τὴν
662 1751 801 1851 βουλὴν
826 1755 947 1832 αὐτοῦ.
1006 1757 1084 1832 “Εἱ
1119 1756 1151 1831 οἱ
1180 1753 1321 1855 οὐρανοὶ
1354 1754 1466 1852 διη-5

390 1893 411 1929 “
429 1891 574 1984 γοῦνται
599 1880 710 1986 δόξαν
730 1887 837 1978 Θεοῦ,
856 1882 1001 1981 ποίησιν
1023 1881 1059 1960 δὲ
1087 1886 1212 1986 χειρῶν
1230 1882 1339 1960 αὐτοῦ
1367 1882 1432 1958 ἁν-

390 2021 411 2055 “
430 2006 603 2110 αγγέλλει
629 2011 671 2090 τὸ
702 2007 897 2111 στερεωμα·
927 2008 950 2106 ἡ
979 2006 1090 2110 ἡμέρα
1122 2011 1167 2112 τῇ
1194 2007 1308 2114 ἡμέρᾳ
1333 2009 1431 2111 ἔμεν’·

389 2149 411 2184 “
429 2171 527 2238 γεται
545 2142 653 2243 ῥῆμα,
674 2140 731 2217 καὶ
750 2134 820 2240 νὺξ
837 2138 934 2215 νυκτὶ
956 2131 1173 2236 ἀναγγέλλει
1191 2144 1338 2236 γνῶσιν·
1374 2139 1434 2215 καὶ

389 2276 411 2313 α
459 2268 467 2292 ’
537 2272 544 2294 5
575 2268 586 2295 λ
645 2265 654 2290 Ῑ
770 2267 778 2290 2
808 2264 818 2291 λ
965 2265 974 2291 Ι
1017 2261 1032 2293 ἲ
1107 2266 1116 2290 ’
1143 2267 1154 2294 λ
1194 2267 1204 2291 D
1261 2263 1272 2290 Ι
1424 2269 1432 2287 1

429 2301 492 2345 ουκ
519 2301 588 2346 εισι
609 2278 713 2367 λογοι
740 2268 818 2345 ουδε
846 2274 983 2361 λαλιαι,
1004 2300 1055 2343 ων
1077 2299 1156 2369 ουχι
1182 2299 1370 2345 ακονοιται
1397 2299 1434 2343 αι

389 2405 410 2441 “
428 2397 546 2501 φωναὶ
571 2394 722 2473 αὑτῶν.”
1448 2432 1484 2471 10

522 2522 531 2549 ι
627 2522 638 2546 t
787 2522 802 2556 ς
1006 2519 1017 2545 t
1154 2522 1165 2549 s
1205 2522 1214 2546 r
1338 2520 1350 2547 τ

222 2545 335 2595 Deusti·
445 2528 543 2601 KH.
577 2528 729 2601 Παντων
761 2556 824 2600 ουν
852 2527 1083 2618 βλεπομένων
1109 2554 1167 2598 και
1193 2554 1431 2619 ακουομενων,

222 2613 335 2666 mondus,
521 2656 536 2672 Α
665 2652 673 2675 ,
707 2647 716 2674 ,
823 2651 834 2678 s
877 2651 886 2676 ,
987 2650 995 2675 ,
1205 2647 1215 2673 ,
1321 2647 1340 2675 ,,

222 2678 366 2755 οῃῃπμαῑ-
387 2654 603 2756 φοβηθωμεν
631 2685 749 2745 αυτον,
778 2684 836 2728 και
865 2657 1112 2746 απολειπωμεν
1139 2654 1292 2755 φανλων
1316 2683 1435 2750 εργων

221 2759 350 2858 {melitii
386 2775 513 2880 μιαρὰς
539 2778 734 2876 ἐπιθυμίας,
758 2776 816 2855 ἵνα
843 2781 895 2883 τῷ
923 2774 1008 2854 ε’λεέι
1033 2777 1140 2856 αὐτοῦ
1167 2782 1434 2875 σκεπασθῶμεν

222 2877 364 2925 oerevalet.
386 2901 457 2983 ἀπὸ
481 2911 553 2983 τῶν
571 2905 779 3001 μελλόντων
798 2903 986 3007 κριμάτων.
1047 2909 1128 2983 Ποῦ
1154 2900 1226 3007 γάρ
1250 2938 1302 2989 τις
1330 2904 1434 3004 ἡμῶν

387 3029 531 3111 δύναται
549 3038 675 3139 φυγεῖν
693 3030 764 3112 ἀπὸ
782 3036 846 3129 τῆς
865 3037 1030 3135 κραταιᾶς
1044 3029 1159 3137 χειρὸς
1177 3033 1308 3128 αὐτοῦ,
1329 3038 1433 3118 ποῖος
1448 3080 1484 3135 15

386 3158 423 3238 δέ
448 3157 583 3258 κόσμος
610 3157 747 3263 δέξεταί
770 3195 850 3240 τινα
874 3165 947 3239 τῶν
970 3157 1265 3258 αὐτομολούντων
1283 3160 1343 3240 ἀπ’
1363 3162 1430 3240 αὖ·

384 3295 473 3382 τοῦ,
505 3286 599 3388 λέγει
630 3285 702 3391 γάρ
733 3322 803 3367 πον
833 3287 874 3367 τὸ
905 3293 1088 3394 γραφεῖον,
1126 3298 1153 3334 “
1169 3293 1251 3367 Ποῦ
1282 3284 1430 3394 ἇφῆξωι

384 3540 481 3617 potius
503 3561 588 3617 quam
609 3541 739 3611 alt-erum,
757 3539 887 3598 imitatus
927 3540 1002 3598 notis
1035 3548 1133 3598 monet
1166 3540 1318 3599 lectionem
1350 3541 1431 3601 usti

384 3630 435 3680 est.
459 3622 567 3679 Eadem
579 3622 614 3680 de
623 3622 742 3692 ratione,
753 3623 790 3679 ob
800 3641 887 3698 quam
926 3620 987 3679 sine
1010 3641 1094 3680 causa
1121 3622 1151 3679 in
1174 3622 1348 3681 editionibus
1367 3644 1432 3682 mu·

384 3703 430 3761 hie
444 3704 545 3762 citasse
566 3703 742 3781 Sapientiam
759 3704 887 3761 salome
926 3711 1017 3761 tetam
1045 3703 1139 3775 fuisse,
1161 3711 1190 3761 et
1213 3724 1313 3763 vocem
1339 3704 1430 3765 futuri

384 3786 428 3842 nis
449 3785 561 3856 dicitur,
580 3805 692 3862 possem
716 3785 804 3843 etiam
820 3805 886 3842 con·
926 3785 1063 3860 temporis
1090 3785 1191 3843 melius
1217 3805 1282 3843 eum
1309 3805 1367 3864 seq.
1391 3792 1431 3844 καὶ

383 3867 508 3935 tendere,
518 3875 682 3925 mutuatum
696 3886 755 3923 esse
765 3866 886 3924 Paulum
926 3869 1045 3937 οὐδένμὴ
1059 3869 1173 3939 παρέλθῃ
1189 3867 1348 3926 convenire
1386 3868 1428 3927 Of.

384 3969 421 4006 ex
448 3948 549 4006 eodem
576 3949 659 4013 libro,
681 3949 763 4005 Rom.
787 3947 818 4004 ix
839 3967 885 4018 21,
927 3946 955 4004 S.
972 3947 1055 4006 lists.
1071 3967 1097 4005 v.
1117 3950 1236 4018 18,ῖὼτα
1254 3949 1308 4021 ira
1324 3952 1370 4021 μέιι
1390 3975 1429 4007 κι-

384 4030 547 4110 exemplum
569 4029 650 4107 figuli
671 4035 701 4087 et
724 4029 785 4086 luti.
829 4029 886 4087 Sed
925 4031 984 4101 ροέσ
997 4033 1027 4085 οὐ
1040 4032 1074 4099 μὴ
1087 4032 1202 4101 παρέλθῃ
1215 4031 1266 4086 ἀπὸ
1282 4036 1329 4087 τοῦ
1343 4035 1427 4101 νόμον.

383 4112 525 4169 eredimus
539 4131 604 4169 eum
618 4110 714 4187 potius
729 4110 887 4186 respexisse
927 4108 1070 4186 Equidem
1103 4111 1192 4168 miror
1226 4131 1283 4187 qua
1319 4111 1429 4171 ratione

383 4193 419 4249 ad
435 4192 526 4250 Isaiae
539 4193 633 4250 locum
647 4192 775 4259 citatum,
789 4192 835 4249 vel
849 4192 885 4249 ad
925 4190 1081 4249 Wottouus
1090 4193 1217 4268 potuerit
1225 4193 1357 4251 assentiri
1366 4193 1430 4252 Fel-

382 4273 441 4332 Jer.
459 4274 527 4331 xviii
543 4276 569 4332 6.
612 4273 690 4346 Quid
709 4273 733 4329 si
755 4272 887 4331 Clemens
925 4272 954 4329 lo
979 4281 1007 4331 et
1030 4273 1191 4332 Colomesio
1211 4274 1429 4334 restituentibus

382 4354 470 4412 animi
484 4375 565 4412 sensa
576 4355 715 4432 expressit
726 4355 786 4431 ejus
799 4354 887 4432 scrip-
925 4357 1047 4427 παρῆλθε,
1083 4355 1130 4412 ‘ni
1164 4355 1238 4414 sorte
1271 4356 1429 4415 inseramus

383 4437 454 4494 toris
467 4437 581 4495 verbisl
596 4437 640 4494 Ea
652 4457 710 4493 non
723 4435 840 4512 profert,
852 4444 885 4494 ut
927 4439 1025 4508 ‘bora
1049 4443 1079 4494 et·
1100 4436 1247 4513 legamus:
1272 4438 1336 4494 ὀτε
1359 4440 1428 4495 θέλει

382 4517 477 4576 locum
498 4518 670 4594 Scripturas,
688 4516 779 4593 magis
799 4538 886 4594 quam
927 4520 989 4573 ‘eal
1002 4521 1036 4575 ὡς
1051 4518 1119 4574 θέλει
1136 4519 1237 4589 ποιήσει
1255 4522 1345 4590 πάντα,
1360 4523 1428 4577 ὅστε

383 4599 488 4657 Paulus
535 4600 677 4657 senarium
725 4598 884 4657 Menandri.
926 4601 988 4653 ‘nal
1008 4601 1080 4655 οὐδέν
1099 4602 1133 4670 μὴ
1152 4600 1267 4673 παρέλθῃ
1285 4596 1344 4679 [vel
1363 4625 1428 4675 παρ-

383 4680 493 4740 GUIL.
509 4681 683 4739 BURTON.
925 4676 1042 4759 *ελθιῖν]
1062 4687 1113 4736 τῶν
1133 4683 1366 4755 διδογμστισμὲνων
1385 4684 1427 4740 ὑπ’

425 4782 449 4820 2.
461 4764 562 4834 ποιήσει
574 4759 667 4842 πάντα]
681 4762 730 4821 ltu
739 4761 809 4820 (iod.
820 4761 883 4819 MS.
925 4771 932 4794 ‘
946 4763 1040 4817 atros?

381 4843 425 4900 uti
446 4852 619 4902 monuerunt
633 4845 742 4901 lllillius
760 4852 789 4902 et
803 4843 884 4901 Wot-
966 4857 991 4914 5.
1018 4845 1050 4898 El
1072 4847 1097 4899 ol
1120 4839 1231 4924 οὐρανοὶ]
1255 4842 1347 4901 Abest
1370 4847 1427 4902 ele

381 4932 441 4980 ton.
457 4945 514 4982 non
528 4929 654 4995 ἐποίησεν,
669 4926 745 5002 quud
766 4926 884 4984 dederat
924 4922 1005 4980 LXX
1033 4924 1103 4983 Iutt.
1129 4925 1206 5000 quod
1233 4945 1302 4983 mox
1330 4944 1427 4983 rursus

381 5003 493 5077 Junius,
512 5026 597 5083 quem
617 5007 708 5065 secuti
727 5016 795 5065 sunt
809 5007 881 5064 Edd.
923 5005 1104 5064 inserendum
1118 5016 1184 5064 aute
1198 5008 1212 5077 ἡ
1227 5009 1306 5080 ἡμέρα
1322 5014 1426 5085 putent

382 5104 481 5143 omnes
503 5096 617 5162 praeter
638 5088 711 5146 Gall.
738 5088 830 5146 Hesel.
854 5100 884 5147 et
924 5086 1100 5146 Colamesius
1114 5095 1142 5146 et
1157 5088 1322 5147 Catelerius
1366 5088 1424 5146 De-

382 5166 564 5225 Dresselium.
595 5168 713 5245 Freyius
724 5170 840 5247 quidem
853 5170 883 5227 in
923 5169 1011 5227 visius
1025 5169 1130 5240 mallet,
1146 5175 1193 5226 Kal
1207 5175 1231 5226 ol
1244 5173 1352 5244 οὐρανοί
