3250 6617
1176 1122 1286 1184 ΕΤ
1334 1121 2006 1185 FORMULARUM.

454 1284 654 1341 Ἀδεῶς.
724 1288 853 1356 πρὸς
878 1288 938 1339 τὸ
963 1286 1351 1357 προσεύξασθαι
1377 1287 1550 1343 ἀδεῶς.

540 1364 709 1422 Mart.
744 1364 929 1440 Polyc.
967 1378 1016 1438 7.

447 1445 618 1519 ’ᾼδης.
705 1451 866 1517 Ζῆλος
967 1451 1151 1516 ζῶντας
1178 1448 1458 1521 κατήγαγεν
1482 1451 1553 1506 εἷς

535 1527 676 1599 ᾅδου.
727 1527 903 1585 Clem.
938 1528 970 1585 I
1003 1550 1053 1600 4.
1140 1531 1429 1597 κατέβησαν
1450 1532 1552 1603 γὰρ

538 1611 608 1667 εἷς
633 1609 761 1679 ᾅδου
788 1614 981 1680 ζῶντες.
1032 1626 1124 1681 51.

455 1692 780 1764 Ἀδιάκριτος.
865 1695 925 1747 τὸ
965 1694 1248 1763 ἀδιάκριτον
1283 1695 1420 1761 ὑμῶν
1445 1696 1547 1762 ζῆν.

540 1772 662 1847 Ign.
700 1772 843 1849 Eph.
878 1792 930 1845 3.
1015 1775 1298 1845 ἀδιάκριτον
1340 1779 1545 1843 πνεῦμα.

540 1853 731 1929 Magn.
773 1868 857 1926 15.
937 1857 1174 1912 διάνοιαν.
1201 1902 1210 1911 .
1237 1897 1249 1910 .
1270 1855 1554 1927 ἀδιάκριτον

538 1940 591 1990 ἐν
617 1938 856 2007 ὑπομονῇ.
888 1935 1056 1994 Trall.
1099 1954 1143 1992 1.

456 2017 681 2088 Ἀδιακρί
664 2041 789 2074 ι.τως
876 2019 1286 2089 πεπληρωμένοις
1345 2021 1555 2090 χάριτος

538 2103 672 2152 Θεοῦ
717 2100 914 2171 ἀδιακρί
897 2122 1027 2155 ιτως.
1074 2098 1197 2174 Ign.
1238 2099 1400 2156 Rom.
1455 2099 1548 2155 In-

537 2181 1120 2252 881.ἀγαλλιωμε’νῃ
1146 2213 1220 2222 -
1238 2182 1544 2254 ἀδιακρίτως.

540 2259 969 2318 Philad.1user.

456 2343 676 2397 Ἀδιάλει
661 2366 817 2399 ιπτος.
935 2347 1249 2416 προσευχαῖς
1330 2347 1554 2415 σχόλαζε

536 2424 893 2483 ἀδιαλείπτοις.
944 2425 1066 2500 Ign.
1104 2423 1290 2499 Polye.
1326 2442 1370 2479 1.

455 2506 830 2563 Ἀδιαλείπτως.
937 2508 1268 2562 ἀδιαλείπτως
1333 2506 1556 2578 προσεύ-

537 2588 713 2657 χεσθε.
759 2586 884 2663 Igu.
923 2586 1069 2662 Eph.
1109 2606 1194 2644 10.
1307 2588 1549 2660 ἐντυγχα-

539 2668 725 2726 νοῦσας
772 2670 1117 2726 ἀδιαλείπτως.
1165 2668 1352 2745 Polyc.
1406 2667 1547 2724 Phil.

542 2768 591 2818 4.
678 2749 1040 2808 Ἀδιαλείπτως
1092 2751 1180 2806 οὖν
1232 2774 1549 2824 προσκαρτε-

537 2837 714 2900 μῶμεν.
763 2834 813 2888 8.

455 2911 760 2984 Ἀδιήγητος.
846 2918 919 2988 τῷ
965 2916 1020 2969 ὲν
1066 2915 1236 2986 ἀγάπῃ
1284 2914 1548 2989 ἀδιηγήτῳ.

541 2993 663 3068 Ign.
698 2993 844 3070 Eph.
888 3013 932 3051 1.

456 3074 682 3130 ’Δδικεῖν.
767 3081 844 3133 τίς
895 3078 1055 3132 πλέον
1107 3076 1354 3146 άδικηθῇ;
1425 3076 1550 3153 Igu.

542 3154 686 3258 ΕΡΒ.
726 3175 813 3213 10.
912 3160 1004 3226 τὴν
1046 3159 1186 3224 ὑμῶν
1231 3159 1443 3230 ἀγάπην,
1488 3160 1556 3228 μὴ

538 3239 660 3306 αὐτή
696 3262 759 3307 με
796 3238 1023 3308 ἀδικήσῃ.
1075 3237 1240 3296 Rom.
1281 3257 1326 3294 1.
1412 3238 1558 3294 οὗδεν

538 3342 599 3386 με
628 3319 847 3389 ἠδίκησε.
895 3318 1290 3395 Mal·t.P01ye.
1327 3339 1376 3393 9.

459 3399 570 3454 Ἀδί
552 3422 711 3467 ικημα.
805 3401 895 3455 Ἐν
960 3403 1015 3455 δε
1082 3424 1190 3458 τοις
1257 3402 1556 3472 ἀδικήμασιν

538 3482 700 3617 (Ιιὶύἑῶν
753 3485 954 3550 μᾶλλον
996 3483 1350 3553 μαθητεῦομαι.
1423 3482 1547 3558 Igu.

632 3579 705 3616 m.
742 3578 792 3633 5.

458 3641 666 3699 Ἀδικία.
716 3644 1097 3717 ἀπορρίψαντες
1123 3645 1215 3717 ἀφ’
1244 3647 1432 3698 ἑαυτῶν
1456 3647 1556 3700 πᾶ-

540 3747 639 3778 σαν
681 3725 887 3780 ἀδικίαν.
945 3724 1122 3783 Clem.
1173 3724 1203 3781 Ῑ
1250 3739 1341 3798 35.
1427 3725 1548 3780 ἀπε-

537 3809 742 3876 χόμενοι
816 3809 986 3877 πάσης
1065 3808 1269 3864 ἀδικίας.
1358 3805 1547 3881 Polyc-

544 3885 684 3943 Phil.
722 3905 770 3944 2.

445 3967 667 4025 Ἀδικος.
750 3971 905 4039 ζῆλον
930 3970 1100 4024 ἄδικον
1118 4012 1128 4021 .
1143 4012 1175 4022 ..
1197 3969 1545 4040 ἀνειληφότας.

541 4048 717 4107 Clem.
752 4049 783 4106 I
813 4069 864 4123 3.
952 4051 1032 4104 διὰ
1075 4053 1230 4119 ζῆλον
1264 4051 1447 4106 ἄδικον.
1494 4062 1547 4120 5.

539 4133 684 4186 οὐδὲν
721 4133 889 4186 ἄδικον
930 4133 1048 4186 οὐδὲ
1087 4132 1554 4204 παραπεποιημένον

537 4214 835 4285 γέγραπται.
885 4226 976 4284 45.
1049 4214 1218 4267 ἄδικον
1245 4215 1400 4282 ζῆλον
1423 4212 1551 4267 ἀνει-

538 4297 792 4365 ληφότων.
839 4292 914 4349 ib.
1013 4294 1092 4348 ὅτι
1131 4295 1391 4364 βλέπομεν
1431 4295 1551 4352 τοὺς

539 4377 739 4431 ἀδίκους
786 4378 1142 4433 πλουτοῦντας.
1189 4373 1238 4431 F
1235 4394 1415 4452 ragm.
1467 4373 1546 4431 iii.

539 4457 844 4527 ἀπεχόμενοι
879 4500 891 4513 .
913 4500 926 4513 .
954 4500 965 4512 .
991 4458 1207 4529 κρίσεως
1231 4457 1419 4513 ἀδίκου.
1446 4455 1554 4514 ΡΟ·-

539 4536 643 4612 lyc.
678 4534 820 4593 Phil.
856 4538 907 4593 6.
992 4542 1084 4593 τοῦ
1130 4539 1304 4593 ἀδίκου
1434 4539 1555 4604 βίον

539 4619 905 4691 ἀπαλλαγῆναι.
994 4617 1164 4678 Mart.
1238 4619 1428 4694 Polyo.
1496 4637 1550 4692 3.

540 4703 1002 4771 καταγωνισάμενος
1040 4703 1130 4757 τὸν
1167 4702 1336 4758 ἄδικον
1369 4700 1554 4774 ὄρχον·

537 4804 615 4836 τα.
669 4798 757 4854 19.

456 4862 731 4931 Ἀδόκιμος.
831 4863 913 4918 ἰ’να
954 4865 1022 4934 μή
1066 4866 1302 4934 ἀδόκιμοι·
1346 4866 1550 4938 efipcffi.

542 4942 666 5020 Igu.
698 4941 868 5001 Trall.
909 4961 933 5000 1
950 4962 998 5002 2

446 5024 682 5094 Ἀδοξος.
768 5028 817 5081 οἱ
842 5026 1018 5094 ἄδοξοι
1046 5030 1130 5082 ἐπὶ
1154 5026 1278 5082 τοὺς·
1302 5026 1546 5094 ἐνδόξως

541 5105 1274 5180 018111.13.ἐνδὸξωντε
1314 5106 1550 5165 fflffiffl

540 5189 658 5257 ξων.
703 5186 875 5247 Mart.
908 5186 1094 5266 PsslJss.
1130 5190 1187 5246 Β

457 5269 741 5329 Ἀδυνατος.

1622 2832 1877 2888 Ἀθικτος.

1625 3158 1895 3227 Ἀθλησις.
1980 3160 2070 3226 τῆς
2091 3205 2100 3212 .
2128 3203 2138 3213 .

825 5270 1564 5346 mmmmm-vs
1645 5318 1651 5330 .

537 5348 1596 5429 ηαᾳιιμῇτᾱψὼιὼι
1688 5362 1947 5445 ..'''

2648 1123 2724 1184 11

1718 1283 1895 1342 Clem.
1946 1286 1976 1341 I
2022 1298 2113 1358 27.
2201 1284 2457 1340 Θέλουσιν
2509 1287 2564 1340 δὲ
2620 1287 2733 1357 ὑμῖν

1715 1372 1806 1422 οὔκ
1851 1369 1992 1422 ἐστιν
2036 1367 2291 1422 ἀδύνατον.
2337 1365 2462 1442 Igu.
2510 1364 2727 1423 Philad-

1723 1466 1809 1504 10.
1882 1446 1995 1502 Ἠν
2020 1451 2121 1520 γὰρ
2162 1450 2240 1502 καὶ
2281 1448 2524 1503 ἀδύνατον
2556 1448 2733 1503 λαθεῖν

1714 1532 1878 1585 αὐτόν.
1926 1528 2096 1586 Mart.
2131 1528 2322 1604 Polyc.
2359 1530 2410 1584 6.

1631 1612 1847 1669 Ἀέναος.
1892 1612 2087 1666 'Ait-ao(
2104 1635 2158 1665 τε
2181 1613 2352 1683 πηγαί.
2381 1609 2559 1667 Clem.
2582 1608 2612 1665 Ῑ
2634 1628 2724 1667 20.

1630 1694 1875 1750 Ἀένναος.
1937 1693 2138 1750 ἀένναος
2165 1692 2277 1762 ζωή.
2317 1692 2440 1769 Igu.
2474 1691 2639 1748 Rom.
2673 1703 2725 1764 7.

1632 1775 1923 1829 Ἀθανασία.
2009 1775 2108 1844 ζωὴ
2150 1775 2204 1828 ἐν
2236 1774 2498 1844 ἀθανασίᾳ.
2546 1771 2723 1830 Clem.

1716 1855 1746 1911 Ῑ
1778 1870 1870 1928 35.
1956 1859 2223 1928 φάρμακον
2262 1856 2550 1912 ἀθανασίας.
2598 1854 2723 1930 Ign.

1717 1936 1861 2012 Eph.
1902 1956 1991 1993 20.

1633 2020 1918 2075 Ἀθάνατος.

1713 2101 1840 2170 ἡμᾶς
1882 2100 2182 2172 γεύσασθαι.
2230 2098 2405 2157 Clem.
2439 2100 2471 2156 I
2500 2102 2593 2173 36.
2678 2100 2732 2154 ἐν

1713 2183 2046 2255 Ῠάθανάτῳῒ
2116 2182 2215 2250 ζωὴ
2283 2182 2505 2250 άληθίνη.
2597 2181 2723 2257 Igu.

1718 2261 1864 2339 Eph.
1899 2274 1950 2334 7.

2031 2022 2119 2086 τῆς
2179 2020 2425 2074 ἀθανάτου
2491 2023 2731 2091 γνώσεως

1624 2345 1823 2401 Ἀθεος.
1909 2343 1966 2398 ὃν
1991 2344 2255 2415 λογίζομαι
2283 2345 2362 2397 καὶ
2399 2346 2516 2401 τοὺς
2552 2343 2731 2401 ἀθέους

1717 2425 2058 2496 ἐντρέπεσθαι.
2108 2424 2234 2499 Igu.
2268 2423 2434 2480 Trall.
2471 2444 2522 2498 3.
2600 2425 2732 2481 τινές

1717 2508 1856 2561 ἄθεοι
1883 2507 2035 2562 ὄντες.
2079 2524 2165 2562 10.
2252 2503 2370 2577 Αἶρε
2399 2509 2517 2562 τούς
2536 2506 2725 2566 ἀθέους.

1720 2587 1891 2645 Mart
1927 2585 2115 2661 Polyc.
2151 2606 2204 2659 3,
2235 2592 2294 2643 et
2323 2604 2357 2658 9
2387 2586 2483 2643 bie.

1634 2671 1873 2725 Ἀθετεῖν.

1715 2751 1883 2821 τηθῇῑ

1964 2671 2041 2724 τίς
2090 2669 2429 2739 ἀποστερηθῇ,
2485 2670 2561 2725 τίς
2615 2669 2730 2724 ἀθε-

1926 2748 2052 2825 Ign.
2088 2747 2233 2824 Eph.
2274 2767 2361 2804 10.

1982 2831 2109 2887 ναν.
2144 2830 2288 2887 Lech.
2320 2834 2383 2884 τὰ
2424 2832 2602 2885 ἄθικτα
2636 2832 2729 2903 ἀρ·

1716 2919 1846 2985 χεῖα.
1892 2912 2017 2988 Ign.
2053 2911 2267 2969 Phllad.
2301 2913 2352 2967 8.

1636 2996 1851 3050 Ἀθλεῖν.
1953 2993 2025 3051 εἷς
2071 3018 2126 3048 τε
2173 2995 2264 3064 τὴν
2305 2999 2406 3048 τῶν
2448 2991 2735 3062 ἦθληκότων

1718 3077 1924 3147 μνήμην.
1971 3074 2142 3132 Mart.
2176 3073 2364 3150 Polyc.
2404 3076 2490 3129 18.

2168 3200 2180 3211 .
2203 3157 2330 3228 ὑπὲρ
2355 3159 2443 3225 τῆς
2467 3154 2733 3225 ἀθλήσεως

1719 3241 1959 3309 σπουδῆς.
1995 3237 2164 3295 Mart.
2198 3237 2322 3313 Igu.
2359 3256 2409 3306 4.
2494 3243 2585 3291 τοῦ
2614 3259 2731 3291 στε-

1716 3325 1883 3392 φάνου
1910 3324 1999 3390 τῆς
2024 3320 2302 3389 ἀθλήσεως.
2347 3330 2397 3389 5.

1634 3402 1895 3470 ’Λθλητής.
1980 3401 2210 3470 ἔλθωμεν
2236 3401 2319 3454 ἐπὶ
2359 3400 2476 3456 τοὺς
2515 3400 2732 3471 ἔγγιστα

1716 3484 2013 3555 γενομένους
2061 3482 2295 3550 ἀθλητάς.
2359 3477 2535 3536 018111.
2587 3479 2617 3534 Ι
2674 3493 2725 3551 5.

1718 3566 1784 3620 ὡς
1811 3564 2006 3620 τέλειος
2031 3562 2265 3630 ἀθλητής.
2299 3560 2422 3636 Igu.
2458 3558 2645 3635 Polyc.
2681 3578 2726 3617 1.

1720 3647 1868 3715 Νῆφε
1897 3646 1965 3700 ὦς
1993 3648 2125 3699 Θεοῦ
2153 3642 2383 3711 ἀθλητής.
2423 3661 2471 3697 2.
2556 3645 2728 3714 Μεγά-

1715 3728 1811 3779 λου
1850 3727 1994 3780 ἐστὶν
2018 3726 2240 3793 ἀθλητοῦ
2276 3730 2334 3778 τὸ
2376 3725 2610 3794 δέρεσθαι
2650 3725 2732 3778 καὶ

1716 3810 1862 3862 νικᾶν.
1912 3825 1963 3879 3.
2049 3810 2120 3881 τῷ
2164 3806 2355 3874 ἀθλητῇ
2402 3807 2483 3859 καὶ
2522 3806 2731 3879 γενναίῳ

1714 3891 1943 3960 μάρτυρι.
1990 3886 2161 3943 Mart.
2192 3885 2318 3961 Ign.
2355 3898 2404 3958 7.

1633 3969 1861 4038 Ἀθυμία.
1943 3972 2015 4024 Τὸ
2057 3970 2259 4040 σχίσμα
2290 4013 2301 4023 .
2327 4014 2338 4024 .
2363 4011 2374 4022 .
2396 3967 2622 4023 πολλοὺς
2659 3968 2730 4024 εἷς

1714 4050 1928 4120 ἀθυμίαν
1953 4052 2154 4116 ἔβαλεν.
2198 4047 2375 4105 (318111.
2409 4048 2439 4103 I
2469 4048 2563 4118 46.

1634 4131 1840 4206 Ἀθῷος.
1927 4132 2268 4199 Κολληθῶμεν
2293 4129 2383 4185 οὖν
2405 4133 2511 4186 τοῖς
2547 4129 2729 4205 ἀθῴοις

1716 4215 1795 4268 καὶ
1822 4215 2038 4270 δικαίοις.
2087 4211 2265 4269 Clem.
2299 4211 2329 4266 I
2359 4212 2456 4282 46.

1632 4292 1842 4366 Α’ίγειος.
1929 4296 1984 4350 ε’ν
2008 4296 2254 4366 δέρμασιν
2279 4294 2499 4366 αἷγείοις.
2547 4290 2724 4350 Clem-

1714 4373 1747 4430 Ι
1784 4391 1870 4448 17.

1634 4457 1909 4513 Αἷδεῖσθαι.
1994 4457 2126 4514 Τοὺς
2158 4457 2564 4530 προηγουμένους
2594 4454 2732 4524 ἡμῶν

1715 4538 2041 4610 αἶδεσθῶμεν.
2094 4535 2273 4595 018111.
2322 4536 2355 4593 I
2403 4552 2495 4592 21.
2578 4536 2725 4590 Al&-

1716 4619 1869 4689 σθητί
1907 4642 2007 4675 σου
2039 4619 2133 4689 τὴν
2163 4618 2373 4689 ἡλικίαν.
2418 4614 2590 4674 Mart.
2621 4613 2730 4675 Po-

1634 4776 1831 4839 *atam*-
1926 4782 1998 4842 εἷς
2055 4786 2319 4854 καινότητα
2367 4776 2527 4838 nm
2583 4777 2727 4850 ἰωῆς.

1718 4862 1842 4938 Ign.
1890 4858 2047 4938 Eph.
2099 4878 2187 4938 19».
2266 4862 2331 4922 ὃς
2375 4862 2527 4928 ἐστιν
2567 4860 2735 4922 αὑτοῦ

1710 4946 1870 5018 l“Q
1890 4941 2075 5038 *iffi*-
2105 4942 2399 5046 1⁸⁶³·ssss-
2476 4995 2535 5039 -..
2604 5027 2610 5030 ,
2714 5019 2727 5028 .
