3250 6617
519 1053 582 1117 ΑΙ)
605 1052 895 1131 CORINTHIOS,
911 1053 977 1116 lvii.
1204 1052 1268 1115 mu

231 1226 318 1301 Erit
345 1226 445 1301 enim
471 1252 584 1325 qaam
614 1226 831 1301 invocabitis
859 1253 926 1313 orte,
956 1252 1019 1322 epo
1049 1239 1171 1299 araem
1196 1251 1267 1299 non

231 1344 434 1419 exaudiam
450 1370 534 1419 uos:
562 1357 736 1442 quaerent
748 1371 806 1417 me
822 1343 925 1429 oriali,
938 1357 969 1417 et
986 1369 1059 1417 non
1078 1342 1267 1417 invenient.

233 1460 399 1536 Ode-rant
417 1460 516 1536 enim
531 1460 768 1559 sapientiam,
784 1459 954 1534 timorem
974 1473 1095 1534 uatem
1112 1458 1271 1533 Domini

233 1605 305 1651 reon
332 1590 590 1662 assumseram,
617 1603 730 1675 neque
763 1577 928 1651 uolebant
961 1576 1053 1651 mcis
1086 1575 1271 1650 attendere

232 1692 405 1781 comliis,
422 1693 696 1767 subsannabant
722 1707 844 1767 antem
866 1719 966 1766 aereas
983 1692 1270 1789 reclamationes.

232 1810 335 1907 Erpa
353 1808 537 1884 coroadam
560 1808 643 1883 uiae
667 1835 756 1883 seme
771 1811 934 1909 finctae,
952 1823 983 1883 et
1008 1835 1077 1883 sua
1103 1808 1270 1907 ipsoram

233 1926 420 2025 impietate
444 1926 717 2000 satrerahantar.

232 2319 297 2378 dem
318 2319 413 2377 visum
433 2327 484 2389 est,
503 2320 651 2379 literarum
671 2340 733 2397 spa-
774 2320 848 2378 Vide
857 2319 991 2378 Oetelerii
1000 2319 1145 2378 Judicium
1156 2321 1192 2378 de
1203 2319 1271 2396 Epi-

232 2401 314 2459 tium.
353 2401 521 2474 Eumenius,
542 2401 681 2477 analius
702 2423 731 2459 a.
773 2402 848 2461 stola
870 2402 1037 2478 posteriore.
1059 2401 1140 2474 infra,
1158 2422 1184 2479 p.
1203 2420 1268 2458 221.

232 2504 254 2539 s.
278 2482 351 2553 Zeit,
376 2502 441 2556 101,
462 2483 592 2541 lacunam
615 2483 734 2560 quinde-
775 2484 831 2542 Pro
855 2493 940 2539 1110N
961 2483 1073 2551 Junius,
1093 2483 1160 2540 Fell.
1178 2482 1268 2542 Gotel.

233 2562 289 2621 cim
314 2563 463 2622 literarum
490 2585 621 2641 capacem
648 2565 733 2623 aesti-
775 2564 883 2624 Gelam.
900 2564 981 2641 Frey.
999 2564 1145 2623 Ceustnnt.
1166 2564 1271 2622 habent

233 2652 300 2705 mat
331 2645 478 2723 Apagina
491 2654 587 2705 autem
601 2646 732 2723 proxime
773 2671 841 2717 ητον.
874 2646 1095 2704 Harnemannus
1109 2666 1198 2722 neque
1212 2670 1272 2716 mon

233 2726 361 2804 sequenti
384 2727 484 2787 literae
505 2735 564 2786 tres
585 2728 733 2805 perierunt
773 2746 865 2804 neque
883 2753 941 2784 οσον
955 2728 1077 2786 exhibet.
1120 2727 1188 2785 Post
1205 2732 1270 2798 τλη-

233 2818 299 2867 ante
313 2818 405 2866 ΙΠοΝ.
431 2810 471 2868 Et
482 2809 595 2867 Boisius
608 2810 732 2886 quidem,
774 2810 921 2881 σθὴσονταν,
936 2808 1106 2867 Wottonum
1125 2809 1148 2867 si
1165 2808 1271 2881 audias,

234 2908 271 2948 ex
288 2890 430 2948 asteriscis
447 2891 479 2947 in
497 2889 662 2967 apographo
676 2910 733 2967 quo
773 2910 885 2948 comma
898 2891 1028 2967 proxime
1042 2910 1161 2967 sequens
1175 2910 1190 2948 e
1202 2890 1270 2948 Pro-

233 2972 376 3043 utebatur,
393 2972 522 3030 lacunam
544 2971 621 3029 haud
645 2972 733 3049 majo·
773 2972 879 3031 verbiis
902 2972 1055 3049 legendum
1076 2980 1127 3044 aet,
1149 2974 1216 3028 Ἀνθ
1238 2974 1273 3028 ὧν

233 3073 295 3111 rem
328 3072 388 3111 esse
422 3053 598 3111 existimavit
609 3073 618 3126 ;
661 3072 734 3129 quae
772 3057 823 3127 γὰρ
837 3053 936 3124 ἠδίκουν
949 3054 1273 3128 νητίοοςφονςνθὴσοντας·

233 3134 310 3193 enim
334 3134 530 3193 desiderantur
550 3135 591 3193 sic
611 3135 733 3211 supplet,
773 3139 813 3192 καὶ
826 3137 965 3206 ἐξετασμὸς
978 3137 1082 3202 ἀσεβεῖς
1095 3137 1155 3193 ὀλεῖ.

234 3218 335 3289 Φοβςρᾶ
355 3219 388 3272 τὰ
410 3216 508 3290 ῥήματα
529 3223 614 3285 ταῦτα,
638 3218 734 3272 α’λλ’ὀ
816 3232 871 3290 9.·
912 3234 927 3261 ⁸
967 3235 982 3264 θ
1024 3213 1118 3296 ιπον.”]
1148 3216 1273 3289 Quidam

233 3304 349 3371 πονηρῶν
374 3299 512 3369 ἀνθρώπων
535 3301 645 3368 τ’τόττης
668 3301 733 3357 θεὸς
771 3297 873 3356 volunt
906 3297 943 3354 ad
977 3296 1052 3355 hunc
1088 3298 1190 3363 locum,
1223 3298 1272 3356 ubi

234 3402 256 3436 κ.
270 3402 293 3436 τ.
309 3383 334 3436 λ.
377 3378 555 3438 Columesius
572 3378 733 3455 suspicatur
772 3378 886 3437 chasma
899 3387 950 3449 eat,
964 3378 1104 3455 respicere
1119 3379 1146 3436 S.
1161 3379 1272 3437 Irenaei

234 3458 281 3516 hic
314 3458 408 3517 locum
441 3459 572 3519 habuisse
607 3460 733 3537 Sibyllae
772 3461 880 3519 verba:
903 3459 978 3533 ‘Qui
1002 3460 1098 3536 ignem
1121 3480 1271 3537 praepara-

234 3541 438 3613 testimonium,
473 3541 509 3599 de
542 3561 599 3619 que
633 3550 733 3600 auctor
774 3541 869 3599 ‘verit
883 3540 1006 3599 Diabolo
1020 3548 1050 3599 et
1060 3540 1179 3617 Angelis
1193 3542 1272 3617 ejus?

235 3620 440 3695 Quaestionum
475 3624 511 3680 ad
541 3622 732 3695 Orthudoxos,
779 3618 843 3702 [III
858 3621 889 3678 iii
903 3641 920 3695 3
935 3641 962 3697 p.
984 3624 1038 3694 176
1060 3622 1103 3679 eal.
1120 3622 1269 3697 Mesenen]

235 3702 266 3760 in
279 3704 363 3780 Resp.
379 3704 416 3761 ad
430 3703 543 3776 Quaest.
562 3719 609 3779 74,
623 3705 659 3762 ad
678 3705 733 3762 eal·
775 3703 818 3762 Ut
832 3723 885 3779 ego
899 3712 995 3760 autem
1010 3703 1102 3760 dicam
1120 3705 1196 3780 quod
1211 3724 1272 3761 sen·

235 3802 297 3843 cem
311 3784 387 3862 Opp.
403 3784 431 3843 S.
447 3785 555 3844 Justin.
571 3786 610 3843 M.
631 3807 658 3863 p.
674 3788 732 3859 469
773 3785 824 3852 tio,
849 3784 917 3841 haec
940 3804 998 3841 non
1020 3792 1088 3843 aurit
1109 3785 1272 3855 (lamentis,

235 3866 278 3923 ed.
296 3866 364 3925 Ben.
380 3866 428 3923 uhi
450 3867 605 3943 quaeritur,
622 3870 670 3923 ‘El
689 3872 734 3937 τῆς
772 3866 823 3924 sed
836 3865 925 3943 ipsius
939 3865 1050 3924 Irenaei
1061 3867 1155 3937 verba,
1167 3874 1197 3925 et
1210 3887 1274 3944 per-

236 3949 388 4022 ‘mpoione
408 3952 587 4006 καταστάσεως
609 3952 639 4005 τὸ
659 3950 733 4007 τέλος
772 3947 867 4006 tinent
897 3947 933 4004 nel
960 3947 1144 4006 traditionem
1176 3949 1272 4007 Eccle-

236 4033 245 4059 ‘
257 4032 328 4085 ἐστὶν
341 4030 356 4100 ἡ
370 4032 411 4085 διὸ
424 4035 565 4102 τοῦπατρὸς
583 4032 665 4103 κρίσις
684 4036 734 4085 τῶν
773 4028 839 4093 sine,
864 4029 882 4085 i.
902 4050 924 4087 e.
954 4029 989 4086 ael
1017 4029 1168 4088 formulam
1191 4029 1271 4088 Fidei

237 4110 367 4175 “ἇστβών,
392 4112 456 4166 καθά
477 4116 559 4183 φασιν
580 4116 606 4166 αἱ
632 4114 731 4183 γραφαὶ
772 4117 801 4168 et
816 4110 978 4168 Doctrinae.
1022 4110 1155 4170 Forsitan
1175 4111 1205 4169 in
1219 4111 1273 4170 hoc

236 4196 402 4264 ’Προφητῶν
414 4216 442 4246 τε
457 4196 495 4247 καὶ
514 4193 681 4263 haserenan,
695 4195 732 4247 ἔτι
772 4192 916 4249 chasmate
937 4193 1031 4252 locum
1052 4193 1156 4251 hahere
1172 4201 1272 4270 potue-

235 4274 285 4328 ’δι’
298 4276 338 4329 καὶ
351 4277 396 4343 τῆς
409 4274 543 4344 Σιβύλλης,
558 4275 639 4331 καθώς
652 4278 733 4346 φησιν
772 4280 841 4331 runt
854 4294 895 4345 ee,
906 4293 978 4350 quae
992 4295 1009 4331 a
1024 4274 1052 4332 S.
1067 4274 1171 4332 Blesillo
1185 4275 1272 4333 eltutus

236 4358 272 4408 ’ὁ
297 4357 416 4426 μακάριος
441 4355 543 4425 Κλήμης
569 4357 596 4409 ἐν
616 4360 648 4425 τῇ
668 4359 732 4429 πρὸς
772 4374 808 4412 ex
824 4354 855 4411 B.
872 4355 1020 4414 Clemente
1038 4356 1114 4431 apllel
1135 4375 1200 4413 eum
1215 4375 1272 4413 non

236 4438 244 4465 ⁶
258 4437 403 4509 Κορινθίως
412 4434 571 4506 Ἐσιστολῇ.’
593 4436 649 4493 Sed
659 4456 734 4493 sum·
775 4436 896 4513 legimus
910 4435 994 4495 hodie
1008 4458 1013 4494 :
1028 4439 1109 4493 Ἀλλὰ
1123 4442 1162 4493 καὶ
1176 4442 1191 4492 ὁ
1205 4439 1272 4509 1(λὴ-

235 4534 283 4573 mo
312 4517 378 4591 jure
406 4515 482 4574 Guil.
512 4516 624 4575 Burten
650 4517 735 4593 longe
773 4542 822 4588 pqr
849 4520 1040 4590 ἀρχαῖςώτφος,
1070 4524 1111 4589 Zp),
1139 4521 1229 4591 φησίν,
1258 4525 1273 4575 ὁ

234 4597 578 4662 verisimiliusexistimat,
587 4598 735 4656 sicutdoc-
775 4603 847 4671 θεός,
861 4604 902 4655 τοὶ
916 4604 930 4655 ὀ
945 4600 1036 4673 Κύριος
1045 4602 1144 4670 Ἰησοῦς
1154 4606 1272 4673 Χριστός,

235 4676 345 4737 tissime
360 4678 478 4737 Ueserio
493 4699 605 4756 quoque
624 4680 653 4736 in
669 4679 734 4737 Dis·
775 4683 816 4735 καὶ
843 4685 872 4735 τὸ
900 4686 1002 4749 Πνεῦμα
1028 4684 1059 4737 τὸ
1081 4683 1175 4755 'syron
1228 4682 1273 4739 De

235 4767 300 4819 sert.
323 4761 359 4818 de
378 4760 466 4819 Clam.
486 4768 516 4819 et
530 4761 624 4837 ignat.
641 4760 730 4836 Epist.
774 4759 884 4838 Spiritu
899 4760 1051 4833 Sanctae.
1069 4782 1113 4835 ²9·
1133 4763 1174 4837 [iii
1192 4766 1225 4821 61
1244 4763 1272 4821 A

234 4860 293 4918 cap.
304 4862 324 4899 x
334 4841 427 4899 visum
443 4849 494 4907 est,
508 4842 602 4900 locum
616 4862 633 4898 a
646 4842 733 4919 serip-
773 4843 817 4900 ed.
839 4838 957 4921 Bened.]
981 4842 1101 4901 WOTT.
1155 4845 1272 4922 Expleri

234 4928 297 4981 tore
323 4922 373 4981 illo
400 4924 548 4981 laudatum
578 4943 613 4980 ex
643 4923 734 4981 altera
774 4923 890 5000 quidem
913 4922 982 4981 haec
1006 4924 1106 4982 lacuna
1130 4927 1208 4985 nullo
1229 4928 1272 4984 in-

235 5003 365 5080 Epistola
374 5005 557 5081 desumptum
568 5024 636 5068 ease,
647 5024 734 5080 quam
772 5004 858 5083 genio
885 5011 936 5062 aut
962 5012 1024 5063 arte
1057 5014 1159 5082 potest.
1202 5009 1273 5067 Inde

234 5084 390 5144 Clementis
421 5106 482 5144 esse
515 5085 643 5162 plerique
670 5092 733 5143 tum
772 5095 869 5144 tumen
893 5085 946 5144 hoc
970 5089 1169 5164 consequimur
1197 5111 1272 5149 eom-

233 5175 418 5228 veterestum
431 5167 602 5226 recentiores
616 5174 731 5243 negant.
772 5167 861 5231 modi,
890 5177 922 5226 ut
950 5167 1150 5247 intelligamus,
1178 5171 1274 5231 futiles
