3250 6617
593 1077 811 1141 EPISTOLA
834 1077 882 1154 II,
898 1078 941 1140 iii.
1213 1082 1277 1143 235

234 1276 380 1350 quoque
403 1250 592 1350 Scriptura
616 1252 679 1337 ait,
696 1255 785 1328 Non
810 1252 894 1326 oeni
916 1278 1048 1326 ooccrc
1064 1253 1192 1350 justos
1213 1251 1278 1325 scol
1293 1274 1445 1336 Macran,

229 1380 450 1464 peccatores.
503 1369 585 1442 Hoc
602 1368 700 1454 dicit,
718 1369 817 1468 quod
838 1369 971 1444 debeat
987 1381 1183 1468 pereuntes
1205 1396 1278 1442 ser·
1292 1339 1378 1389 Luca
1391 1352 1429 1401 ³²

234 1510 333 1558 vare.
385 1483 485 1559 Illud
508 1485 605 1559 enirn
630 1513 805 1585 magnum
832 1497 871 1560 et
887 1486 1097 1560 admirabile
1121 1496 1187 1572 est,
1204 1513 1279 1559 non

234 1600 361 1675 fulcire
378 1628 473 1702 quae
491 1610 602 1688 stant,
616 1601 680 1675 sed
692 1629 787 1701 quae
804 1602 950 1676 cadunt.
979 1602 1038 1685 Sic
1056 1612 1094 1676 et
1108 1603 1278 1677 Christus
1292 1622 1368 1671 Mau.
1377 1620 1437 1669 xviii

234 1744 378 1793 servare
397 1718 517 1793 voluit
541 1719 744 1818 pereuntia,
770 1729 809 1792 et
836 1719 972 1793 multos
1002 1719 1164 1794 servavit
1189 1721 1278 1797 dum
1295 1703 1332 1735 ¹¹'

234 1835 348 1921 venit,
364 1834 525 1934 dumque
542 1862 609 1909 nos
619 1835 698 1935 jam
716 1847 913 1935 pereuntes
929 1838 1082 1911 vocavit.

285 1949 358 2025 ΙΙΙ.
402 1951 526 2043 Quum
555 1952 672 2052 igitur
698 1961 843 2027 tantam
876 1953 1158 2027 misericordiam
1192 1980 1279 2052 erga

233 2094 300 2141 nos
325 2067 403 2166 ipse
427 2067 564 2155 fecerit,
581 2069 698 2167 primo
724 2068 884 2168 quidem,
902 2070 1001 2169 quod
1020 2097 1087 2143 nos
1105 2070 1168 2168 qui
1186 2070 1277 2141 vivi-

233 2211 316 2259 mus
333 2185 415 2259 Diis
440 2186 594 2259 mortuis
620 2213 693 2259 non
718 2186 970 2272 sacrificamus,
994 2214 1060 2260 nec
1085 2187 1278 2259 scieramus

233 2328 305 2387 eos,
330 2301 395 2376 sed
423 2329 490 2402 per
516 2303 636 2401 ipsum
664 2304 901 2402 cognovimus
927 2304 1096 2378 veritatis
1120 2306 1278 2390 Patrem,

232 2445 413 2517 quaenam
430 2429 488 2492 est
504 2420 663 2517 cognitio
680 2420 727 2493 ad
745 2447 839 2506 eum,
857 2420 928 2493 nisi
952 2430 1085 2493 utnon
1103 2446 1278 2519 negemus

232 2534 346 2621 illum,
364 2562 556 2635 perquem
573 2537 807 2635 cognovimus
826 2542 937 2611 cumi
969 2537 1037 2610 Ait
1053 2564 1140 2610 vero
1165 2537 1277 2609 etiarn

232 2651 335 2749 ipse3
364 2649 439 2741 Qui
455 2678 513 2723 me
530 2652 715 2748 coufessus
730 2652 855 2749 suerit
884 2652 922 2725 iu
945 2665 1137 2750 conspecto
1161 2651 1276 2724 loo-mi·
1290 2670 1440 2733 uatum.

233 2792 333 2852 rrum,
362 2767 555 2864 confitebor
583 2767 708 2866 aprum
737 2767 778 2841 iu
814 2783 1006 2868 conspectu·
1032 2768 1165 2841 Putris
1194 2767 1276 2843 mci.

234 2882 338 2957 Haec
364 2893 423 2956 est
451 2883 576 2982 itaque
606 2911 741 2957 merces
770 2895 905 2971 nostra,
933 2886 964 2959 si
993 2884 1142 2983 quidem
1169 2883 1277 2957 confi·

233 3008 377 3073 teamur
394 3026 477 3072 eum
494 3026 686 3099 perquem
704 3003 841 3075 servati
864 3029 1000 3074 sumus.
1053 3001 1099 3073 In
1117 3027 1276 3099 quonam

232 3125 358 3189 autem
375 3116 477 3189 iilum
495 3116 777 3191 confitebimur?
808 3119 990 3192 Faciendo
1008 3145 1102 3217 quae
1119 3117 1219 3199 dicit,
1238 3127 1277 3190 et

232 3233 406 3307 mandata
431 3233 528 3307 illius
555 3261 629 3307 non
658 3235 884 3333 spernendo;
924 3263 991 3308 nec
1024 3235 1142 3307 solum
1171 3234 1276 3307 labiis
1290 3252 1439 3300 Mattxxii.

233 3378 318 3425 eum
351 3350 571 3437 honorande,
601 3353 666 3425 sed
701 3379 747 3425 ex
782 3362 862 3427 toto
897 3352 1012 3437 corde,
1047 3360 1086 3424 et
1120 3379 1165 3424 ex
1196 3362 1276 3424 tota
1289 3331 1366 3431 iiiut.
1379 3383 1404 3429 vi
1418 3396 1439 3443 5.

231 3477 364 3542 mente.
417 3468 518 3542 Dicit
542 3469 679 3567 quippe
709 3471 747 3540 in
774 3468 907 3555 Esaia;
934 3469 1103 3566 Populos
1129 3467 1195 3541 istc
1220 3468 1273 3541 lc-
1289 3476 1425 3604 qutun

233 3716 309 3766 recte
323 3714 520 3782 consequetur,
534 3715 567 3763 ut
581 3714 732 3782 postquam
774 3705 851 3762 enirn
872 3705 946 3763 rutio
964 3724 1054 3781 seque
1071 3705 1220 3762 commodo
1234 3705 1274 3762 vi-

232 3789 418 3865 coguovimus
433 3788 555 3857 Patrem,
570 3807 627 3844 non
646 3807 731 3863 nege·
774 3787 865 3845 detur.
894 3786 1025 3843 DAVIS.
1070 3785 1151 3843 Nihil
1181 3796 1275 3844 mutat

232 3890 297 3928 mus
323 3869 437 3927 Filium.
468 3868 606 3927 COUST.
653 3867 734 3925 Haec
774 3868 893 3937 Birrius,
921 3888 1009 3944 quum
1032 3876 1132 3925 notum
1158 3867 1205 3937 sit,
1231 3869 1276 3924 οὖν

233 3971 346 4028 quoque
379 3951 416 4008 ad
451 3949 583 4008 incudem
618 3959 734 4008 revocat
773 3970 857 4026 saepe
884 3952 1025 4022 ποριλκειν,
1053 3970 1105 4006 nec
1133 3969 1198 4006 raro
1222 3969 1274 4025 pro

233 4032 354 4105 Boisius‚
368 4038 406 4091 τίς
427 4034 441 4103 ἡ
459 4040 554 4105 γνῶσις
571 4037 617 4087 τοῦ
631 4036 733 4104 Harpis
772 4034 857 4088 τοίνυν
869 4030 991 4107 proinde
1005 4031 1092 4107 poni:
1115 4050 1172 4107 quo
1190 4050 1275 4088 sorrsu

232 4118 317 4185 αὐτοῦ,
331 4116 347 4186 ἢ
360 4118 390 4171 τὸ
403 4138 460 4171 m.
473 4118 498 4168 λ.
772 4112 820 4170 hic
853 4133 966 4189 quoque
1007 4113 1117 4189 adjecta
1151 4112 1271 4170 videtur.

276 4215 320 4267 14.
335 4200 385 4252 Τὸν
398 4195 591 4267 ὀμολογὴσοντά
611 4218 633 4250 κ,
649 4219 671 4250 τ.
687 4190 727 4273 λ]
774 4194 977 4252 GALLAND.
1021 4197 1064 4250 ἐὰν
1090 4197 1165 4250 αὐτόν
1187 4194 1273 4251 Dros-

235 4277 333 4335 Poulio
355 4277 439 4335 aliter
461 4275 582 4352 legimus
604 4275 680 4350 apud
701 4276 729 4333 S.
772 4275 866 4345 solius,
880 4284 945 4352 post
961 4275 1106 4333 Hefelium
1121 4275 1150 4332 in
1171 4274 1214 4333 cd.
1230 4295 1272 4333 se-

233 4358 422 4429 Matthaeum,
437 4378 457 4414 x
472 4376 519 4430 32,
534 4362 589 4415 Πᾶς
602 4358 646 4412 οὖν
660 4358 733 4416 ὅστις
772 4357 871 4415 cunda.

231 4441 379 4514 ὁμολογήσῃ
400 4443 427 4495 ἐν
448 4442 503 4508 ἐμοὶ
523 4441 668 4510 ἔμπροσθεν
683 4446 733 4494 τῶν
813 4438 850 4495 ib.
875 4440 920 4493 ’Er
942 4440 990 4494 τίνι
1013 4440 1054 4512 δὲ]
1087 4438 1143 4495 Hic
1171 4437 1272 4514 incipit

231 4523 377 4595 ἀνθρώπων,
393 4520 545 4594 ὁμολογήσω
564 4521 633 4593 κάγὼ
648 4524 674 4575 ἐν
687 4523 731 4576 οὐ·
774 4520 788 4596 §
804 4541 822 4591 4
837 4520 866 4575 in
882 4518 1106 4576 Schoenemanui
1121 4520 1201 4577 libro.

231 4607 267 4678 τῷ
280 4605 425 4675 ἔμπροσθεν
437 4609 483 4658 τοῦ
497 4606 598 4673 Πατρός
618 4626 667 4673 μου
687 4608 732 4657 τοῦ
815 4621 860 4658 21.
877 4603 903 4655 ἐν
916 4599 1076 4676 τῲἪσοΐᾳ,]
1088 4601 1122 4656 in
1134 4601 1217 4659 Esaia
1231 4601 1271 4657 le-

231 4686 259 4740 e'r
270 4687 390 4757 οὐρανοῖς.
772 4683 875 4760 gillius,
890 4684 999 4754 Ἐγγίζει
1019 4706 1062 4751 μοι
1080 4687 1095 4737 ὀ
1114 4687 1176 4740 λαὸς
1189 4683 1269 4752 οὗτος,

275 4781 320 4838 17.
343 4768 386 4821 ἐὰν
399 4760 455 4843 οὖν]
474 4763 540 4821 Vox
560 4764 604 4820 οὖν
617 4764 732 4823 videtur
772 4770 825 4823 τοῖς
848 4766 963 4836 χείλεσιν
982 4766 1063 4818 αἰτῶν
1082 4766 1175 4833 τιμῶσί
1194 4789 1234 4833 με,
1256 4765 1270 4832 ἡ

230 4845 329 4905 haberi
341 4846 396 4904 hoc
409 4844 439 4902 in
453 4845 515 4904 loco
529 4865 630 4922 porum
644 4853 728 4903 recte.
772 4849 799 4901 δέ
820 4848 908 4918 καρδία
929 4846 1011 4899 αὐτῶν
1023 4848 1110 4915 πόρρω
1124 4846 1214 4916 ἀπέχει
1227 4846 1270 4900 ἀπ’

231 4927 370 5004 Legerem
390 4930 436 4996 μέν
449 4927 494 4984 vol
508 4930 590 4984 αὐτόν.
607 4926 729 4983 WOTT.
771 4930 840 4997 ἐμοῦ.
878 4924 953 4982 Vide
968 4924 1059 5000 Epist.
1074 4924 1207 5000 prioris§
1227 4942 1269 4996 15,

231 5008 378 5067 COLOM.
421 5008 519 5066 Media
537 5028 594 5065 vox
616 5027 731 5065 sensum
771 5007 821 5065 ubi
843 5007 912 5064 haec
937 5005 1035 5063 cadem
1060 5005 1159 5064 eodem
1185 5006 1270 5063 modo

229 5091 335 5150 turbat.
383 5090 460 5167 Lege
487 5093 530 5145 ἐὰν
558 5090 728 5163 ουνομολογή-
770 5090 903 5158 citantur,
926 5087 981 5144 nisi
1003 5087 1079 5163 quod
1101 5107 1153 5163 pro
1175 5092 1189 5142 ὁ
1208 5091 1270 5145 icor

230 5196 324 5244 οωμιν,
349 5172 394 5230 vel
422 5174 465 5228 ἐὰν
488 5174 564 5227 αὐτόν
574 5191 582 5241 3
608 5178 729 5247 utruque
770 5172 843 5229 οὗτος
857 5169 978 5247 legimus
992 5170 1066 5227 οὗτος
1079 5174 1094 5225 ὁ
1108 5174 1176 5227 λαός.
1208 5168 1270 5227 Νοο

831 5280 925 5344 nhc
