3250 6617
475 1064 533 1127 DE
557 1064 589 1127 S.
614 1065 792 1129 IGNA'FII
817 1067 1053 1130 llPlS'l'OLlS.
1210 1067 1282 1129 xxxi

246 1232 457 1298 schismaticos
481 1245 513 1300 et
537 1237 584 1299 sui
610 1244 642 1299 et
664 1238 774 1320 prioris
800 1238 913 1301 sacculi
938 1244 1072 1314 accusat,
1097 1237 1179 1321 quod
1201 1259 1285 1299 nunc

246 1344 367 1428 Ignatii
381 1347 561 1410 testimonia
574 1347 608 1410 in
624 1371 680 1410 sua
695 1370 787 1411 causa
801 1355 927 1431 urgent,
944 1371 1026 1411 nunc
1041 1346 1198 1432 Epistolas
1220 1348 1286 1430 ejus

245 1454 395 1532 tanquam
425 1449 544 1533 spurias
574 1450 737 1534 rejiciunt;
775 1457 807 1515 et
832 1451 960 1534 Septem
990 1451 1059 1514 illas
1088 1451 1127 1513 ab
1151 1448 1286 1512 Eusebio

246 1559 431 1615 memoratas
447 1553 552 1616 doctas
568 1560 601 1616 et
615 1554 682 1636 pias
697 1554 834 1636 appellat
843 1581 852 1630 ς
878 1577 954 1637 quas
969 1554 1018 1617 vel
1034 1554 1102 1617 ideo
1123 1553 1206 1637 rejici
1222 1574 1286 1615 non

247 1676 334 1735 posse
349 1654 404 1731 ait,
421 1655 503 1739 quod
518 1657 557 1719 ab
573 1657 707 1720 Eusebio
723 1665 942 1720 memorentur.

291 1756 379 1820 Inter
392 1759 571 1822 Sociniauos
586 1760 798 1843 Hieronymus
810 1760 1024 1824 Moscorovius
1037 1761 1160 1823 devera
1174 1759 1285 1821 harum
1298 1776 1422 1853 trusere

247 1856 458 1940 Epistularum
480 1860 668 1944 antiquitate
691 1862 850 1925 dubitasse
871 1862 956 1925 haud
975 1861 1110 1937 videtur,
1133 1883 1229 1944 quum
1251 1859 1284 1922 in
1298 1857 1360 1902 '¹⁰⁸’
1374 1841 1442 1902 ¹⁶¹⁷·

249 1961 449 2027 Restitutione
478 1964 657 2048 appendicis
686 1965 821 2029 Martini
853 1965 1014 2049 Smiglecii
1046 1965 1122 2028 haec
1153 1964 1284 2026 habeat:

247 2073 268 2102 “
285 2064 441 2148 Ignatius,
457 2066 587 2130 Patrum
609 2068 693 2151 apud
714 2068 855 2146 Latinos,
870 2091 1002 2153 quorum
1024 2068 1149 2152 quidem
1172 2067 1287 2150 scripta

247 2176 268 2205 “
284 2176 419 2246 exstant,
435 2169 677 2248 vetustissimus,
693 2170 887 2254 apertissime
905 2170 1022 2234 fatetur
1041 2170 1074 2232 in
1090 2169 1233 2252 Epistola
1247 2168 1287 2232 ad

247 2280 268 2310 “
283 2271 458 2351 Tarsenses,
473 2275 555 2358 quod
572 2274 717 2338 Christus
737 2297 799 2338 non
816 2274 858 2337 sit
875 2274 929 2337 ille
943 2273 997 2358 qui
1013 2280 1167 2356 estsuper
1182 2272 1287 2335 omnia

247 2384 268 2413 “
284 2375 380 2453 Deus,
395 2377 450 2440 sed
465 2376 546 2439 filius
562 2376 692 2460 ipsius.’'

290 2479 388 2544 Isaaci
413 2486 495 2544 certe
520 2480 707 2558 Casauboni‚
730 2487 872 2544 veterum
896 2479 1082 2563 scriptorum
1105 2477 1286 2562 peritissimi
1299 2490 1333 2538 12.
1345 2491 1435 2539 emn-

241 2582 368 2666 judicis,
395 2585 553 2647 sententia
581 2585 615 2647 in
643 2586 701 2648 hac
731 2585 825 2649 etiam
856 2607 948 2649 causa
974 2583 1108 2646 maxime
1137 2581 1284 2646 notanda.
1298 2556 1356 2616 bon,
1369 2555 1439 2618 ¹⁶¹⁵·

248 2685 351 2750 Quare
375 2687 527 2750 Parlrerus
550 2689 633 2752 hunc
654 2688 737 2752 inter
758 2711 810 2752 eos
832 2693 987 2764 numerat,
1006 2710 1082 2770 quos
1104 2708 1211 2748 omnes
1230 2685 1285 2768 Ig-

246 2790 324 2853 natii
347 2791 503 2874 Epistolas
525 2791 653 2855 fictitias
675 2791 815 2855 docuisse
833 2792 920 2854 vult:
944 2790 998 2853 sed
1019 2790 1078 2852 hoc
1097 2797 1130 2852 et
1150 2789 1287 2852 sublesta

246 2893 306 2957 fide
326 2894 434 2972 tradit,
450 2902 482 2959 et
505 2894 661 2959 levissimo
683 2902 871 2980 argumento
896 2895 1023 2957 suadere
1046 2898 1186 2969 conatur,
1204 2892 1287 2976 quod

247 2999 447 3063 Casaubonus
470 3000 508 3064 de
528 3002 629 3085 prisca
643 3000 798 3064 Ecclesiae
821 2999 985 3083 disciplina
1006 2999 1138 3075 locutus,
1155 2997 1285 3082 Cypria-

246 3126 322 3165 num
344 3110 458 3167 testem
480 3103 635 3180 adhibuit,
651 3102 816 3187 Ignatium
835 3125 897 3165 non
915 3101 1110 3165 nominavit:
1133 3124 1231 3185 quum
1252 3099 1285 3162 in

246 3206 530 3270 Exercitationibus
556 3206 740 3270 Baronianis
765 3206 797 3271 S.
816 3205 981 3289 Ignatium
1004 3227 1094 3289 saepe
1117 3203 1233 3281 laudet,
1254 3209 1286 3266 et

246 3309 502 3373 “nonnullarum
523 3311 589 3394 ejus
605 3309 817 3392 Epistularum
836 3309 1058 3393 antiquitatem
1080 3307 1170 3370 novis
1192 3307 1284 3370 ratio-

246 3419 267 3448 “
283 3411 374 3474 nibus
403 3435 435 3475 sc
463 3411 642 3475 tuitururn''
664 3410 864 3494 polliceatur;
899 3433 974 3493 quas
997 3417 1195 3493 praematura
1215 3408 1285 3471 Viri

245 3513 374 3577 maximi
390 3520 490 3578 morte
504 3522 625 3598 ereptas
640 3514 729 3577 nobis
744 3514 839 3576 luisse
854 3513 1002 3577 dolemus.

289 3625 310 3655 “
327 3617 389 3680 Sed
403 3640 484 3680 unus
502 3617 627 3700 quidem
638 3617 707 3693 Vir,
723 3625 843 3681 caetera
857 3616 1087 3694 doctissimus,”
1100 3623 1137 3679 ut
1151 3621 1286 3678 testatur

245 3717 404 3795 Vedelius,
420 3725 540 3782 “extra
554 3742 646 3782 omne
661 3718 792 3782 dubium
807 3719 896 3802 ponit
911 3718 1155 3801 suppositionem
1174 3717 1285 3780 harum

246 3829 267 3858 “
283 3820 512 3904 Epistularum:
536 3822 633 3886 immo
651 3822 752 3885 dicere
770 3844 833 3884 non
848 3827 982 3898 veretur,
1000 3820 1164 3903 Ignatium
1183 3818 1285 3882 nullas

246 3932 421 4006 “unquam
443 3923 600 4007 Epistolas
625 3924 816 4008 scripsisse.”
861 3924 909 3987 De
930 3924 989 3987 hoc
1007 3923 1084 3986 Viro
1106 3921 1284 3986 doctissimo

246 4025 436 4090 altercantur
458 4027 608 4091 Doctores
630 4027 702 4104 duo,
721 4027 857 4091 Owenus
879 4032 913 4090 et
932 4026 1168 4102 Hammondus;
1191 4047 1283 4108 quern

246 4129 333 4213 quasi
356 4152 413 4192 nec
439 4129 565 4194 nomine
587 4153 645 4194 uec
666 4130 782 4214 scripto
805 4136 917 4194 notum
939 4129 1124 4213 producunt,
1142 4134 1174 4192 et
1192 4150 1284 4212 quem

246 4232 449 4317 Anonymum
472 4233 628 4296 ineditum
644 4232 863 4296 Hammoudus
878 4238 979 4295 vocat.
1024 4231 1083 4294 Est
1104 4237 1211 4293 autem
1232 4229 1285 4293 ille

245 4340 335 4398 extra
357 4358 448 4399 omne
472 4335 604 4399 dubium
627 4335 783 4399 Robertus
803 4334 959 4412 Parlrerk,
981 4332 1196 4397 schismaticus
1216 4333 1283 4394 An·
1295 4341 1398 4402 Perkes,

245 4437 326 4520 glus.
373 4437 487 4501 Omnia
503 4437 587 4501 enim
602 4461 680 4522 quae
694 4437 842 4502 Vedelius
865 4437 975 4501 aViro
996 4437 1051 4500 illo
1072 4444 1193 4500 caetera
1212 4435 1283 4499 doc.
1315 4404 1385 4456 ¹⁶16.

246 4538 367 4602 tissime
389 4540 473 4604 dicta
494 4540 623 4625 profert,
639 4540 671 4603 in
693 4540 822 4603 Parlreri
843 4539 922 4603 libro
945 4538 1079 4602 secundo
1101 4539 1139 4602 de
1154 4537 1285 4602 Politeia

245 4801 370 4849 volumine
387 4800 506 4859 defendit,
528 4801 607 4850 Lond.
625 4799 694 4850 1611.
739 4801 795 4850 Vid.
816 4800 884 4849 illius
903 4800 959 4849 libr.
977 4801 1003 4848 iii
1024 4816 1073 4849 cr
1097 4806 1147 4866 59.
1167 4817 1216 4850 ev
1234 4805 1247 4860 5
1262 4813 1299 4863 7..

245 4881 427 4932 CHURTON.

279 4966 292 5004 k
310 4964 408 5013 Floruit
424 4964 465 5012 ille
479 4963 580 5012 Bilsono
592 4964 713 5028 Epmcopo
724 4968 890 5022 comtaneuu
913 4963 983 5012 exsul
995 4963 1020 5012 in
1032 4963 1141 5022 Geldria,
1155 4968 1184 5012 ut
1195 4963 1282 5024 fertur,

246 5053 358 5094 mortuus
376 5051 421 5094 est.
458 5046 527 5095 Editi
549 5052 608 5095 sunt
627 5047 681 5110 ejus
701 5046 770 5095 Libri
789 5052 843 5095 tres
864 5046 895 5095 de
916 5045 1023 5095 Politeia
1040 5047 1214 5096 Ecclesiastica
1231 5048 1284 5095 sine

246 5129 345 5176 nomine
356 5129 402 5176 loci
414 5133 459 5177 aut
469 5129 621 5193 typothetae.
642 5137 680 5191 ⁴⁰·
694 5127 763 5190 1615.
782 5128 962 5178 CHURTON.
