3250 6617
370 909 462 974 xlviii
624 907 955 972 RECENTIORUM
978 904 1163 970 JUDICIA

372 1083 556 1158 Pearsonus,
578 1080 761 1158 cotelerius,
784 1078 963 1145 Ludovieus
987 1078 1106 1163 Dupin‚
1128 1084 1162 1142 et
1184 1075 1422 1152 rlillemontins,

373 1185 557 1269 caeterique,
573 1184 627 1269 qui
648 1184 688 1247 ad
709 1185 786 1248 haec
807 1184 928 1248 animos
948 1206 1020 1247 suos
1037 1204 1177 1265 unquam
1191 1180 1418 1244 adverterunt:

373 1311 473 1374 neque
494 1289 585 1352 aliter
605 1288 752 1352 sensisset
773 1288 850 1372 ipse,
871 1287 897 1350 si
919 1308 970 1350 eas
991 1285 1169 1349 accessisset
1188 1305 1304 1347 vacuus
1325 1303 1418 1366 prae·

368 1392 515 1477 judiciis3
538 1398 594 1456 aut
615 1391 733 1476 aliquid
754 1392 793 1455 de
815 1391 936 1474 lingna,
954 1388 1076 1453 dicendi
1094 1388 1197 1466 mode,
1215 1387 1419 1470 moribusque

375 1496 526 1580 Syrorum
542 1500 683 1558 veterum
697 1500 752 1558 aut
767 1494 987 1558 hodiernorum
1002 1492 1233 1556 Maronitarum
1248 1489 1400 1554 novisset.

419 1597 512 1662 Quod
526 1598 567 1660 ad
581 1598 771 1675 Materiam
795 1597 924 1682 Ignatio
942 1596 1059 1681 optime
1081 1594 1272 1659 conveniunt
1289 1616 1326 1657 ea
1347 1615 1417 1656 om·

375 1702 437 1779 nia,
460 1724 540 1786 quae
569 1702 602 1765 in
627 1702 827 1766 Brevioribus
853 1701 1003 1786 Epistolis
1032 1700 1205 1776 habentur3
1239 1697 1273 1760 in
1301 1695 1418 1780 quibus

375 1812 505 1869 nonest
524 1806 627 1890 aliqua
647 1805 796 1890 temporis
811 1804 950 1882 violatio,
966 1804 1130 1887 nullaeque
1150 1803 1183 1867 in
1204 1801 1253 1879 iis,
1268 1800 1417 1864 condem-

375 1916 493 1973 nantur
526 1910 689 1987 Haereses
719 1909 779 1973 nisi
815 1932 891 1992 quas
926 1932 962 1973 eo
996 1914 1135 1991 tompore
1170 1904 1337 1969 invaluisse
1366 1905 1419 1968 vel

375 2013 486 2078 saltem
513 2020 596 2077 ortas
622 2013 717 2076 fuisse
743 2018 827 2077 certo
857 2012 1012 2089 novimus,
1037 2009 1142 2095 qualia
1167 2009 1294 2072 fuerunt
1319 2007 1419 2091 impia

376 2118 613 2181 Judaizantium
646 2140 681 2181 ac
711 2123 769 2180 τῶν
799 2123 940 2196 Δοκητῶν
968 2115 1119 2198 dogmata
1130 2139 1139 2190 ;
1177 2135 1241 2176 non
1269 2110 1348 2175 alius
1379 2111 1418 2174 de

377 2221 537 2285 Doctrinis
568 2220 654 2284 Fidei
685 2219 881 2282 Christianae
911 2217 1034 2282 dicendi
1064 2241 1131 2281 mos
1160 2215 1330 2293 inducitur,
1356 2214 1418 2277 nisi

377 2326 430 2411 qui
456 2324 590 2388 invaluit
616 2324 648 2386 in
673 2323 774 2387 initio.
820 2325 866 2386 At
891 2322 925 2385 in
952 2320 1154 2404 Interpolatis
1183 2319 1297 2402 ubique
1326 2316 1420 2380 nobis

377 2434 543 2492 occurrunt
564 2428 647 2491 haud
670 2426 881 2490 immanifesta
901 2425 1047 2488 falsitatis
1071 2423 1195 2487 indicia.
1241 2422 1289 2485 Ut
1311 2427 1420 2484 autem

377 2531 456 2594 illud
482 2530 742 2614 praetermittam,
769 2530 852 2612 quod
873 2529 907 2591 in
936 2528 973 2590 iis
996 2529 1134 2591 citantur
1158 2523 1420 2601 constitutiones,

377 2657 454 2719 quas
476 2657 511 2697 eo
534 2639 673 2716 ternpore
695 2656 758 2696 non
780 2632 936 2696 exstitisse
958 2637 1043 2696 certo
1064 2636 1206 2707 constat,
1229 2628 1305 2692 adeo
1323 2650 1421 2711 prope

378 2737 543 2814 accedunt,
562 2736 645 2819 quod
664 2736 705 2798 ad
724 2737 844 2821 stylum
865 2759 901 2799 ac
918 2735 1082 2799 materiam
1104 2734 1137 2797 in
1159 2733 1197 2796 iis
1219 2754 1298 2817 quae
1319 2731 1420 2795 inter-

377 2840 484 2924 polata
504 2840 664 2921 leguntur,
682 2840 723 2903 ad
744 2840 911 2923 EpistolaS,
930 2862 1008 2924 quae
1029 2838 1102 2902 licet
1122 2836 1250 2922 Ignatio
1272 2835 1420 2899 tribuun-

378 2949 442 3020 tur,
460 2942 579 3027 Ignatii
601 2947 708 3007 tamen
731 2966 792 3006 non
816 2948 901 3020 sunt,
916 2942 977 3005 viz.
1000 2941 1102 3025 Epist.
1122 2941 1162 3003 ad
1185 2940 1355 3015 Heronem,
1379 2938 1422 3001 ad

380 3045 607 3129 Philippenses,
637 3053 669 3109 et
694 3047 734 3109 ad
763 3046 1002 3122 Antiochenses,
1033 3050 1071 3108 ut
1096 3043 1230 3108 eundem
1255 3041 1423 3105 authorem

379 3148 547 3212 videantur
568 3148 689 3212 referre.
737 3149 798 3211 His
829 3171 902 3213 sane
928 3149 1041 3212 desunt
1062 3154 1132 3211 tum
1153 3147 1271 3210 interni
1293 3146 1421 3210 charac-

380 3258 473 3328 teres,
492 3251 568 3314 dum
590 3273 626 3314 ea
646 3251 681 3314 in
701 3252 739 3315 iis
762 3252 922 3335 leguntur,
940 3275 1018 3335 quae
1040 3274 1140 3334 neque
1162 3250 1302 3334 Ignatio,
1319 3271 1423 3333 neque

380 3352 502 3415 saeculo
518 3352 556 3430 ei,
572 3375 633 3436 quo
648 3374 698 3415 eas
713 3353 871 3436 scripsisse
886 3352 1011 3429 dicitur,
1026 3352 1091 3415 ullo
1106 3351 1198 3415 modo
1214 3350 1406 3415 conveniunt
1411 3376 1421 3427 3

381 3460 451 3519 tum
477 3461 606 3519 externa
633 3456 825 3533 testimonia,
855 3479 952 3539 quum
982 3478 1072 3520 nemo
1102 3456 1254 3518 Veterum
1283 3454 1336 3531 sit,
1366 3453 1423 3537 qui

381 3580 432 3621 eas
458 3559 509 3621 vel
538 3559 616 3622 citat
638 3560 687 3623 vel
717 3566 880 3636 memorat,
907 3565 962 3622 aut
991 3559 1030 3621 ad
1059 3559 1128 3622 illas
1158 3558 1251 3623 semel
1281 3557 1422 3621 alludat:

381 3660 465 3745 quod
487 3683 586 3724 unum
608 3661 723 3725 sufficit
744 3663 783 3726 ad
806 3662 987 3726 elevandam
1009 3685 1113 3725 earum
1138 3661 1362 3725 authoritatem
1385 3681 1424 3724 ac

380 3764 586 3829 authentiam.

426 3866 519 3930 Quod
541 3868 580 3930 ad
603 3867 748 3931 Internos
770 3868 983 3952 Epistularum
1003 3869 1042 3931 B.
1058 3868 1179 3952 Ignatii
1200 3867 1403 3932 Characteres
1413 3892 1423 3942 3

382 3969 541 4053 Epistolae
556 3969 719 4034 Breviores
741 3971 856 4056 ubique
878 3972 1048 4055 loquuntur
1067 3972 1219 4037 Sanctum
1234 3971 1424 4054 Martyrem,

383 4071 511 4155 plenum
533 4071 660 4156 pietate,
681 4096 716 4135 ac
738 4073 803 4136 zelo
824 4097 895 4137 vere
917 4073 1096 4136 Christiano
1119 4075 1340 4138 exuberantem
1352 4098 1361 4150 3
1386 4093 1425 4136 ac

383 4175 416 4238 in
443 4174 589 4238 omnibus
612 4175 688 4238 satis
711 4177 899 4259 respondent
921 4183 992 4240 tum
1015 4177 1208 4242 Eusebianae
1233 4182 1304 4240 tum
1328 4175 1424 4260 Poly-

384 4279 545 4362 earpianae
566 4301 672 4341 earum
692 4280 901 4364 descriptioni.
946 4282 992 4344 At
1007 4283 1107 4346 multo
1125 4282 1216 4345 aliter
1231 4304 1302 4345 cum
1319 4281 1425 4343 Inter-

384 4382 497 4465 polatis
512 4388 725 4464 comparatum
741 4382 813 4459 fuit,
829 4382 890 4445 nisi
905 4383 942 4445 iis
957 4382 990 4446 in
1005 4382 1090 4461 loeis,
1106 4384 1159 4446 ubi
1178 4406 1242 4447 non
1260 4382 1428 4445 discedunt

385 4485 425 4548 ab
455 4485 604 4569 Epistolis
635 4486 845 4550 Brevioribus
899 4486 1062 4550 Praeterea
1076 4487 1116 4561 ,si
1145 4493 1246 4550 totam
1276 4484 1428 4550 orationis

385 4587 496 4651 seriem
516 4612 551 4652 ae
566 4597 725 4653 texturam
746 4591 857 4653 harum
872 4591 1083 4673 Epistularum
1106 4599 1246 4656 accurate
1268 4590 1427 4655 examine-

386 4712 466 4767 mus,
482 4692 570 4755 facile
585 4694 755 4757 sentiemus
770 4694 932 4758 Breviores
948 4716 1056 4758 verum
1071 4717 1136 4757 esse
1153 4695 1260 4758 Sancti
1272 4694 1429 4778 Martyris

387 4794 527 4858 foetum:
552 4796 610 4858 hae
632 4798 715 4860 enirn
739 4797 817 4861 nihil
840 4798 957 4863 habent
979 4821 1051 4860 cum
1071 4798 1217 4881 Epitome
1238 4820 1426 4873 commune;

386 4896 460 4960 dum
484 4899 590 4961 omnia
611 4898 643 4960 in
665 4900 703 4962 iis
725 4902 820 4984 probe
842 4903 1035 4979 cohaereant,
1058 4902 1225 4985 eademque
1247 4902 1289 4964 sit
1310 4902 1427 4985 ubique

386 5023 441 5083 per
463 5007 546 5064 totas
568 5000 724 5083 Epistolas
751 5004 844 5066 facies
870 5005 1037 5069 orationis:
1073 5006 1105 5069 in
1129 5004 1330 5089 Interpolatis
1352 5028 1427 5068 vero
