3250 6617
279 1078 343 1143 AD
364 1076 658 1155 CORINTHIOS,
673 1075 771 1140 xxvii.
984 1075 1047 1142 109

124 1252 276 1331 alicubi:
301 1251 508 1329 Suscitabis
523 1279 590 1339 mc,
607 1264 641 1326 et
665 1249 860 1348 confitebor
877 1247 971 1323 tibi.-
999 1256 1048 1333 et,

124 1370 184 1445 avi
200 1383 549 1469 ceoperatorem,
566 1367 724 1455 curres-i,
742 1365 834 1464 quic
851 1379 890 1439 tc
907 1390 1048 1439 raecum
1061 1378 1102 1428 Pa
1113 1379 1139 1427 iii
1152 1394 1174 1441 s·

124 1488 157 1563 lt
171 1514 299 1563 rursus
316 1486 342 1561 J
344 1487 390 1562 ob
409 1485 522 1560 dicit:
554 1485 604 1559 Et
630 1511 781 1558 curnem
806 1483 903 1557 lrorzc
927 1508 1048 1556 meam
1060 1496 1212 1549 Jouxine.

124 1603 250 1693 ticoh,
269 1630 362 1703 quoe
380 1600 508 1678 oracio
524 1604 614 1678 boec
624 1628 744 1701 passa
761 1614 820 1677 cst.

124 1720 224 1795 [VII.
255 1721 338 1795 Hac
363 1720 480 1820 igitur
508 1744 573 1818 spe
603 1718 716 1792 animi
741 1718 858 1791 nostri
891 1716 1049 1791 adeum

124 1846 294 1938 ngantur,
311 1837 376 1937 qui
400 1834 518 1911 fidelis
543 1845 600 1909 est
622 1835 662 1907 in
686 1835 986 1934 promissionibus
1011 1843 1050 1908 et

124 1954 184 2028 rin
194 1953 365 2054 judiciis:
391 1954 457 2053 qui
478 1952 627 2027 mentiri
643 1954 775 2039 vetuit,
793 1952 911 2027 multo
928 1952 1050 2025 minus

124 2070 334 2156 nentietur;
361 2069 452 2143 nihil
477 2070 575 2144 enim
593 2070 673 2143 Deo
698 2069 930 2169 impossibile,
947 2096 1049 2168 prae
1063 2082 1164 2161 uene
1176 2083 1213 2131 1⁸·

124 2214 175 2262 am
201 2187 360 2261 mentiri.
424 2185 683 2261 Exsuscitetur
711 2187 837 2285 itaque
873 2187 913 2258 in
946 2185 1050 2259 nohis
1062 2148 1130 2198 Tm
1143 2163 1165 2198 ²'

124 2303 203 2404 rjus,
220 2312 260 2377 et
275 2303 375 2403 quod
391 2302 513 2377 omnia
529 2303 600 2401 ipsi
619 2303 825 2401 propinqua
845 2304 920 2376 sint
935 2303 1049 2376 consi-

124 2446 184 2495 rus
235 2419 358 2493 Verbo
374 2419 578 2518 majestatis
603 2445 690 2492 suae
707 2418 903 2492 constituit
919 2419 1050 2505 omnia,

124 2536 179 2611 rbo
197 2562 265 2611 suo
294 2545 419 2635 potest
450 2534 514 2610 illa
539 2544 711 2610 evertere.
766 2534 859 2625 Quis
884 2531 981 2609 dicet
1007 2535 1050 2622 ei,
1065 2547 1122 2610 Sor·
1136 2548 1161 2596 xi
1176 2561 1216 2606 22.

1064 2613 1100 2660 xii
1114 2626 1150 2662 ια.

124 2838 173 2891 m;
205 2827 232 2877 et
256 2838 362 2877 num
387 2818 507 2877 circum
549 2817 680 2894 proxime
693 2817 855 2878 accedatad
869 2817 976 2894 stylum
987 2818 1052 2877 Phi-

124 2900 191 2977 pellc
216 2920 289 2973 mcc,
312 2910 338 2959 ct
363 2899 398 2957 ire
424 2919 510 2959 corne
550 2900 623 2958 lonis
635 2920 644 2972 3
664 2900 714 2958 sed
731 2919 915 2977 quaecunque
934 2898 980 2972 sit,
995 2920 1052 2959 non

124 2980 295 3041 lebcDeaem
311 2980 431 3040 WOl'P.
464 2981 510 3040 De
549 2980 614 3040 ideo
641 2992 808 3058 sequeretur
842 3001 988 3059 nunquam
1019 2982 1053 3039 li-

124 3082 144 3123 o
158 3062 236 3135 lobi,
251 3062 348 3121 confer
369 3062 510 3139 Hierony·
550 3063 635 3119 brum
648 3063 730 3120 illum
744 3062 887 3122 exstitisse
902 3063 1052 3136 Hebraico,

124 3144 248 3203 ‘Nullus
257 3151 317 3203 tam
328 3151 433 3221 aperte,
443 3152 509 3222 post
549 3145 680 3220 quamvis
707 3151 774 3203 ante
796 3152 926 3221 tempora
950 3145 1054 3204 Hiero-

124 3246 187 3290 um,
222 3246 309 3303 quam
349 3225 403 3284 iste
442 3234 509 3285 ante
550 3225 628 3301 nymi
647 3226 766 3283 amissus
782 3225 888 3283 fuisset.
935 3226 1054 3286 Occasio

124 3327 180 3367 mm
194 3306 230 3366 de
243 3306 449 3366 resurrectione
468 3307 509 3366 lo·
550 3308 611 3384 ejus
629 3308 759 3384 jacturae
780 3307 877 3384 potuit
900 3327 960 3367 esse
983 3309 1053 3367 hacc

124 3389 206 3461 ¹,‘drc.
238 3388 285 3447 lib.
301 3408 325 3446 c.
341 3389 423 3447 Joan.
440 3389 510 3447 Hic·
550 3389 612 3465 ipsa
634 3389 735 3460 versio,
757 3390 793 3447 ab
818 3388 985 3461 Hellenista,
1002 3399 1053 3449 aut

138 3488 185 3545 ²9·
228 3470 303 3547 Opp.
318 3469 339 3527 ii
352 3490 379 3547 p.
392 3474 450 3544 438
465 3471 508 3529 ed.
550 3471 568 3528 J
572 3470 662 3528 udaeo
684 3470 880 3528 Alexandrino
906 3471 1053 3545 conlecta3

124 3594 128 3609 .
170 3550 213 3611 Cf.
233 3551 365 3610 Pearson.
387 3554 510 3628 Exposi-
550 3572 636 3628 quern
663 3552 734 3609 nihil
761 3559 842 3610 vetat
868 3572 928 3610 esse
958 3553 1051 3630 ipsum

124 3632 184 3691 'the
202 3632 298 3706 Creed,
312 3633 342 3699 ii,
357 3652 425 3707 310,
441 3653 508 3708 311.
551 3633 707 3699 Philonem,
734 3653 857 3710 eumque
889 3633 962 3691 hanc
996 3635 1054 3693 edi·

124 3722 188 3775 ton.
203 3718 287 3788 1847.
551 3714 633 3784 disse,
644 3713 750 3772 multos
763 3735 853 3772 annos
863 3721 930 3773 ante
940 3724 1054 3794 tempus

124 3798 188 3872 pm]
205 3806 334 3853 ΣΑΡΚΑΝ
351 3795 419 3856 Cod.
436 3796 497 3855 MS.
550 3816 607 3873 quo
623 3795 755 3853 Clemens
775 3796 924 3873 epistolam
940 3798 978 3854 ad
999 3797 1053 3856 Co-

124 3880 166 3935 Ἐν
184 3881 267 3954 λόγῳ]
289 3877 330 3936 Cf.
352 3878 417 3955 Sap.
437 3878 468 3936 ix
487 3897 510 3951 r,
550 3877 673 3936 rinthios
685 3876 772 3935 dedit.
802 3876 846 3936 Ut
859 3877 947 3936 libere
961 3878 1053 3937 dicam

124 3982 147 4019 re
158 3961 190 4016 τὸ
201 3964 283 4016 edm
296 3962 324 4015 ἐν
335 3964 406 4037 λόγῳ
420 3984 476 4017 σου,
550 3959 628 4035 quod
649 3958 750 4027 sentio,
768 3978 821 4017 cur
841 3959 980 4032 Clemens,
999 3961 1053 4019 hoc

124 4043 169 4099 'rie
194 4042 248 4113 ἐρεῖ
272 4043 349 4117 αὐτῷ,
376 4065 398 4099 κ.
420 4065 444 4097 τ.
465 4042 507 4115 λ.]
551 4041 620 4109 loco,
636 4060 694 4098 non
708 4040 846 4099 adluserit
859 4041 895 4098 ad
911 4041 948 4099 Is.
961 4042 1011 4099 xlv
1026 4061 1052 4116 9,

124 4140 184 4199 ogo
202 4121 240 4180 ad
260 4121 322 4180 Lib.
341 4121 511 4199 Sapientiae,
552 4122 628 4198 quod
652 4131 682 4181 et
701 4121 870 4199 scriptorem
892 4122 1054 4200 Sapientiae

124 4201 173 4274 m,‘
193 4202 289 4280 inquit
309 4203 510 4281 Hieronymus,
551 4202 648 4261 fecisse
682 4203 836 4262 verisimile
869 4206 935 4263 estl
976 4205 1054 4263 Nam

124 4283 199 4342 iloni
219 4284 325 4343 seniori
348 4285 480 4343 tribuunt
493 4284 510 4355 ;'
550 4292 617 4343 ante
637 4285 706 4344 haec
729 4287 825 4356 verba,
846 4306 904 4343 non
925 4285 1055 4345 videmus

124 4384 213 4424 .rero
226 4365 263 4423 ad
277 4366 365 4424 libros
383 4366 511 4425 Salomo·
550 4366 699 4440 γέγραπται,
712 4376 763 4425 aut
782 4369 854 4441 λέγει
872 4391 930 4437 που,
947 4376 998 4426 aut
1015 4368 1053 4426 si-

124 4446 271 4505 Secundus
292 4445 415 4527 (nempe,
439 4448 512 4506 liber
551 4447 619 4504 mile
636 4448 725 4524 quid;
747 4449 843 4525 qualia
862 4448 968 4507 usitata
987 4456 1055 4508 sunt

124 4528 269 4587 lelonrcuia
297 4548 401 4588 nomen
430 4550 512 4607 prae·
552 4529 702 4601 Clementi,
727 4530 776 4587 ubi
802 4529 966 4608 Scripturas
989 4551 1054 4589 auc-

124 4609 192 4686 rpud
205 4608 353 4669 Hebraeos
372 4630 512 4687 nusquam
551 4611 700 4669 toritatem
724 4610 841 4688 profert,
866 4631 923 4669 non
945 4611 995 4669 ubi
1018 4612 1055 4670 sd

124 4688 188 4764 luia
201 4691 305 4769 etipse
318 4692 409 4769 stylus
424 4692 513 4751 Grae·
551 4692 647 4750 locum
659 4692 828 4769 simpliciter
839 4692 959 4753 adludit.
995 4692 1055 4750 An-

124 4772 307 4850 doquentiam
328 4773 460 4845 redolet3
483 4780 513 4831 et
553 4792 610 4831 non
638 4773 725 4832 etiam
752 4774 878 4850 cogitare
900 4774 997 4852 potuit
1020 4775 1056 4834 de

124 4852 163 4912 dli
187 4852 366 4931 Scriptorum
383 4863 513 4913 veterum
553 4854 648 4913 verbis
673 4854 804 4931 magistri
833 4855 885 4927 sui,
912 4856 995 4915 Rom.
1023 4857 1055 4915 ix

128 4935 305 4994 eoeeJudaei
320 4936 448 4995 Philonis
465 4936 514 4993 sd·
559 4956 603 5010 19,
628 4938 688 4993 sol
723 4935 827 4994 Verbis
852 4939 930 4994 ποιέω
956 4947 986 4997 et
1012 4941 1056 4995 du.

124 5016 168 5075 rt.’
176 5016 261 5090 Quod
269 5017 515 5077 adtinetedGrae-
555 5020 659 5089 θὶστημι
680 5037 769 5094 aeque
789 5018 882 5076 utitur
900 5019 1004 5079 Paulus
1024 5041 1057 5079 ac

124 5098 293 5177 equentiam,
308 5118 383 5157 nunc
399 5099 516 5177 quidem
556 5105 656 5157 auctor
667 5099 829 5176 Sapientiae
841 5119 849 5171 ;
863 5119 915 5158 nec
926 5100 1058 5161 Clemens

124 5180 234 5257 grediar
250 5180 411 5257 expendere
430 5200 516 5256 quam
556 5180 586 5237 in
600 5181 695 5240 verbis
714 5180 818 5258 quibus
837 5181 938 5255 utitur,
958 5203 1056 5259 unum,
