3250 6617
365 1078 410 1141 xii
615 1077 675 1141 DE
706 1078 738 1140 S.
763 1077 1021 1142 CLEMENTIS
1054 1078 1164 1142 ROM.

366 1261 397 1312 et
416 1259 483 1331 post
499 1270 565 1311 eum
580 1252 713 1329 Optatus,
732 1263 764 1318 11,
778 1253 819 1319 iii,
840 1273 867 1330 p.
886 1256 922 1311 28
944 1253 987 1311 ed
1004 1253 1052 1310 Du
1067 1252 1128 1324 Pin,
1144 1252 1323 1310 Clementem
1336 1250 1415 1310 Lino

367 1350 533 1409 immediate
552 1350 717 1409 successisse
736 1357 875 1410 statuunt
919 1351 1091 1409 Pontificum
1105 1351 1308 1415 Romanorum,
1323 1350 1373 1427 qui
1395 1370 1415 1408 e

368 1450 454 1508 Petro
474 1448 599 1526 proximi
617 1447 741 1521 fuerunt,
761 1450 963 1526 perobscurem
982 1469 1043 1507 esse
1063 1449 1175 1515 seriem,
1188 1448 1303 1507 disertis
1316 1448 1415 1507 verbis

363 1547 535 1624 jamdudum
554 1547 644 1605 fassus
665 1554 708 1605 est
729 1547 871 1613 Petevius,
888 1548 925 1605 ed
941 1546 1080 1624 Epiphsn.
1097 1546 1185 1605 Heer.
1201 1546 1282 1604 xxvii
1297 1547 1324 1604 6.
1366 1545 1412 1604 Tu

367 1645 465 1704 confer
477 1645 594 1704 omnino
605 1645 738 1704 Peersoni
752 1646 788 1703 de
799 1645 879 1704 Serie
893 1654 923 1704 et
933 1645 1117 1704 Successione
1131 1645 1291 1722 primorum
1301 1646 1413 1703 Romee

369 1742 574 1820 Episcopcrum
588 1742 708 1801 Dissert.
722 1742 743 1799 ii
762 1762 786 1809 1,
803 1762 827 1800 2.

406 1853 420 1883 e
440 1862 474 1899 ex
488 1861 614 1917 peremta
627 1842 776 1899 Ιίουιαοαο
789 1836 943 1920 Ecclesiae]
968 1843 1010 1897 ἐπὶ
1022 1841 1113 1897 τούτου
1133 1840 1178 1896 οὖν
1191 1844 1236 1894 τοῦ
1257 1839 1411 1910 Κλίημεντοε,

367 1943 484 1998 στάσεως
510 1942 555 1996 οὐκ
579 1942 667 2014 ὀλίγης
689 1944 742 1998 τοῖς
764 1943 792 1996 ίν
815 1940 928 2016 Κορίνθερ
951 1942 1084 2014 γενομένης
1108 1940 1239 2011 ἀδελφοῖς,
1263 1939 1413 1994 ίπίστειλεν

367 2040 381 2109 ἡ
405 2041 432 2095 ἐν
454 2040 535 2108 Ῥώμη
558 2040 679 2109 ε’κκλησία
703 2042 854 2109 ίκανωτάπην
875 2041 980 2112 γραφὴν
1004 2043 1057 2096 τοῖς
1081 2039 1228 2110 Κορινθίοις,
1254 2039 1289 2094 είς
1313 2035 1413 2108 είρὴνην

366 2139 564 2209 συμβιβάζουσα
585 2139 683 2202 αὐτοὺς,
706 2141 746 2194 καὶ
764 2139 903 2194 άνανεοῦσο
923 2139 969 2207 τὴν
989 2137 1077 2191 πίστιν
1097 2138 1188 2200 αὐτῶν,
1206 2136 1247 2189 καὶ
1268 2133 1299 2204 ίην
1318 2135 1412 2190 νεωστὶ

365 2236 416 2291 άπδ
436 2241 486 2290 τῶν
505 2236 658 2291 ἀποστόλων
677 2237 820 2309 παράδοσιν
839 2234 947 2307 είλίηφει.
983 2233 1125 2304 benacus,
1147 2242 1183 2288 111
1204 2231 1236 2288 ἱίἱ
1257 2250 1282 2305 3.
1340 2230 1409 2288 Vid.

365 2331 440 2389 infre
459 2352 486 2408 p.
506 2351 571 2389 222.

405 2431 500 2487 Τοίντου
521 2433 551 2502 δὴ
572 2431 681 2487 οὖντοῦ
702 2430 847 2501 Κλήμεντος
867 2433 1054 2502 ὁμολογουμένη
1075 2429 1120 2499 μία
1132 2427 1274 2497 Ἐπιστολὴ
1294 2427 1410 2499 φέρεται,

364 2532 463 2603 μεγάλη
476 2553 504 2585 τε
518 2530 558 2584 καὶ
571 2530 708 2599 θαυμασία,
723 2528 753 2600 ἣν
765 2531 800 2586 ὣς
813 2530 864 2585 άπδ
876 2531 921 2598 τῆς
932 2528 1061 2597 Ῥωμαίων
1074 2528 1209 2595 ἐκκλησίας
1227 2529 1258 2595 τῇ
1273 2523 1412 2597 Κορινθίων

364 2629 545 2692 διεπητώσοτο,
567 2627 685 2684 στάσεως
705 2628 817 2696 τηνικάδε
838 2628 900 2681 rard
919 2627 965 2696 τὴν
985 2625 1109 2698 Κόρινθον
1127 2625 1268 2697 γενομένης.
1304 2622 1408 2680 Euseb.

366 2724 404 2782 H.
421 2724 454 2782 E.
470 2724 500 2782 iii
520 2726 563 2782 16.

405 2826 454 2879 Καί
467 2829 512 2878 τοῦ
527 2823 672 2894 Κλήμεντος
685 2825 755 2893 ε’ντῇ
770 2822 980 2896 άνωμολογημένη
998 2823 1068 2893 παρά
1083 2824 1171 2885 πᾶσιν,
1185 2820 1216 2890 ἣν
1228 2821 1256 2875 εἰς
1269 2821 1412 2892 προσώπου

364 2925 409 2992 τῆς
420 2921 547 2992 Ῥωμαίων
560 2924 694 2992 ἐκκλησίας
706 2945 737 2991 τη
753 2921 893 2992 Κορινθίων
905 2922 1089 2976 διετυπάνσατο.
1119 2918 1156 2975 ib.
1172 2917 1203 2974 ἱὶἱ
1219 2920 1265 2991 38.

404 3015 516 3076 scalde
539 3019 640 3076 eddom
660 3014 836 3097 Epistolom]
869 3017 953 3075 Circe
978 3025 1095 3093 tempus
1122 3036 1179 3092 quo
1203 3014 1332 3091 Epistola
1355 3014 1413 3072 iste

364 3115 469 3192 scripte
482 3123 533 3187 est,
546 3116 653 3192 triplex
667 3116 793 3174 nmxime
814 3115 928 3173 exsistit
949 3115 1065 3191 opinio:
1092 3114 1185 3191 prims
1204 3113 1232 3171 J.
1249 3113 1283 3169 E.
1300 3111 1411 3183 Grabii,

364 3213 423 3290 qui,
445 3214 540 3290 Spicil.
557 3215 631 3272 Pstt.
647 3214 656 3271 i
678 3235 704 3290 p.
724 3230 789 3287 254,
812 3235 875 3272 cem
891 3213 1017 3272 Neronis
1037 3211 1233 3290 persecutione
1253 3210 1411 3281 desinente,

364 3313 494 3389 proxime
512 3320 578 3389 post
592 3313 798 3389 Apostolorum
813 3313 891 3372 Petri
906 3320 935 3371 et
951 3312 1030 3370 Pauli
1050 3311 1229 3387 martyrium,
1244 3309 1269 3367 h.
1283 3329 1306 3367 e.
1322 3308 1356 3366 A.
1371 3308 1407 3364 D.

366 3411 413 3481 68,
427 3410 472 3467 vel
487 3410 573 3468 etiam
589 3412 626 3483 65
642 3419 764 3468 excunte
777 3411 915 3487 scriptam
929 3430 989 3468 esse
1003 3409 1165 3473 contendit:
1181 3408 1272 3467 altere
1286 3408 1320 3465 G.
1333 3407 1410 3464 Ven-

364 3507 459 3575 delini‚
474 3508 603 3566 eamdem
617 3528 692 3565 enno
705 3508 813 3566 Christi
830 3525 876 3584 95,
890 3508 1017 3566 fervente
1031 3507 1190 3566 Domitiani
1204 3505 1410 3583 persecutione,

363 3606 517 3683 illigentis;
539 3614 684 3683 postrema
703 3606 840 3665 Cotelerii
859 3617 947 3683 etque
961 3606 1147 3679 Tillcmontii,
1166 3606 1215 3682 qui
1235 3606 1313 3662 illem
1335 3604 1409 3661 desi·

364 3710 450 3762 nente
471 3703 598 3780 ejusdem
619 3703 800 3780 imperatoris
821 3704 1018 3781 persecutione
1031 3704 1106 3761 circs
1119 3703 1156 3760 A.
1167 3704 1202 3761 D.
1221 3722 1255 3777 97
1273 3702 1408 3778 scriptam

363 3801 545 3860 arbitrentur.
587 3802 726 3874 Quartam
739 3802 792 3859 Vir
805 3803 840 3860 cl.
857 3802 994 3860 Claudius
1008 3801 1114 3867 Ficum,
1128 3810 1196 3860 tom.
1212 3801 1222 3858 i
1236 3801 1314 3857 Πίου.
1330 3798 1407 3856 Εοοί.

363 3919 389 3975 p.
409 3917 475 3972 213,
490 3896 673 3974 excogitavit,
687 3918 760 3974 quac
780 3899 817 3956 ed
832 3899 932 3957 Grsbii
953 3898 1125 3957 sententiam
1146 3896 1264 3973 propius
1284 3894 1407 3953 secedet.

364 3998 476 4073 Nempe
493 3996 529 4054 sd
543 3996 573 4052 id
587 4003 708 4073 tempus,
723 3998 799 4073 quod
815 3997 941 4055 Neronis
960 3996 1111 4054 interitum
1124 3995 1246 4071 excepit,
1260 4002 1290 4053 et
1305 3993 1410 4052 Hiero·

363 4094 566 4171 solymitanum
579 4095 730 4152 antecessit
745 4095 889 4153 excidium
904 4094 1002 4152 referri
1018 4114 1101 4170 posse
1115 4093 1268 4169 opinetur3
1285 4099 1315 4149 et
1328 4110 1410 4149 cesus

363 4193 504 4263 adversos,
519 4191 549 4247 in
564 4191 710 4267 Epistolee
730 4192 871 4269 principio
892 4201 1073 4257 memoratos,
1088 4192 1124 4250 dc
1144 4191 1220 4248 bello
1240 4189 1317 4248 civili
1331 4189 1409 4266 qnod

365 4289 488 4348 Neronis
502 4309 580 4347 mors
594 4289 738 4360 excitavit,
754 4289 967 4367 interpretetur.
998 4288 1292 4349 COUSTANTIUS.

404 4388 535 4452 Uesbius,
551 4387 647 4463 spicil.
665 4388 739 4446 Pstt.
755 4388 765 4444 i
782 4403 850 4462 254,
870 4409 886 4446 e
903 4389 999 4447 verbis
1020 4388 1176 4448 Clementis
1197 4388 1212 4463 ξ
1227 4407 1274 4458 41,
1289 4389 1327 4442 οὐ
1347 4410 1408 4443 πον-

362 4492 443 4559 τοχοῦ
455 4487 569 4558 ἀδελφοί
596 4533 601 4543 ,
620 4489 842 4559 ..προειρημένων
854 4491 1017 4562 λειτουργῶν,
1033 4495 1111 4545 certo
1126 4494 1257 4545 constare
1270 4484 1324 4543 sibi
1339 4483 1410 4542 dicit

364 4582 514 4659 Templum
529 4582 823 4660 Hierosolymita-num
843 4593 912 4643 tunc
931 4585 1051 4651 stetisse,
1066 4593 1152 4662 etque
1166 4584 1308 4643 excidium
1323 4583 1409 4654 iilius,

364 4680 440 4756 quod
464 4681 494 4737 in
518 4700 624 4738 annum
650 4696 687 4755 70
713 4682 821 4751 incidit,
847 4685 976 4742 nondum
1001 4684 1162 4760 contigisse.
1213 4683 1270 4741 Sed
1294 4701 1408 4740 onmem

363 4778 559 4837 difficultatem
580 4780 694 4839 solvunt
708 4781 765 4839 duo
779 4782 834 4840 loci
848 4783 867 4839 J
869 4783 976 4859 osephi,
990 4783 1091 4859 Antiq.
1108 4784 1139 4841 iii
1154 4787 1172 4840 8
1194 4784 1230 4840 de
1250 4780 1408 4839 Pontificsli

363 4884 465 4934 ornatu
485 4883 614 4951 tompore
635 4898 745 4956 semper
763 4881 906 4955 praesenti
927 4882 1116 4957 exponentis:
1141 4883 1300 4954 πρῶτονμὲν
1312 4882 1408 4952 mpuri-

363 4976 432 5029 θεται
445 4978 490 5030 τὸν
502 4978 650 5048 μανοχοσὴν
664 4980 900 5050 λεγόμενον-άταν
914 4982 940 5034 δὲ
955 4980 1108 5047 σπουδάζειν
1121 4984 1179 5052 περὶ
1193 4982 1238 5036 τάς
1254 4981 1345 5035 θυσίας
1365 4979 1408 5047 δίη

362 5074 401 5127 καί
415 5074 780 5143 διοκονεῖν-άναβαλλόμενος
801 5080 842 5132 ε’πὶ
864 5081 893 5130 τὸ
914 5082 986 5134 λαιὸν
1006 5082 1138 5149 ὦμοφορεῖ
1158 5102 1211 5134 κ.τ.
1223 5082 1247 5133 λ.
1271 5084 1300 5135 ct
1314 5076 1353 5133 vii
1373 5095 1406 5146 14

362 5169 397 5226 de
423 5172 579 5230 Sortitione
604 5171 796 5231 Pontificum:
826 5176 840 5243 ἡ
867 5180 952 5246 πρώτη
976 5179 1022 5245 μὲν
1046 5178 1163 5240 άνοβᾶσα
1190 5178 1283 5248 πατριὰ
1307 5175 1407 5248 ε’γράφη
