3250 6617
569 1109 626 1169 ET·
649 1109 985 1170 FORMULARFM.
1310 1112 1352 1170 55

247 1270 388 1343 ἐγέγραπτο
427 1273 486 1343 περὶ
527 1273 679 1328 ἐπισκόπων.
714 1272 753 1328 ib.

246 1352 315 1419 ύμῶν
334 1352 361 1405 δί
383 1352 409 1405 ἐν
429 1354 505 1423 σαρκὶ
525 1353 665 1427 ἐπισκόπῳ.
690 1352 753 1428 Ign.

247 1429 319 1505 Eph.
340 1449 363 1486 1.
409 1437 523 1486 τοιοῦτον
549 1434 690 1488 ἐπίσκοπον
717 1456 756 1488 κε-

248 1511 363 1580 κτῆσθσι.
384 1510 423 1567 ib.
476 1514 512 1568 είς
533 1515 607 1583 τιμὴν
627 1515 697 1582 ὑμῶν
718 1516 758 1568 καὶ

246 1596 291 1647 τοῦ
312 1593 461 1647 ἐπισκόπου.
486 1610 512 1648 2.
561 1594 759 1663 ἐπιτασσόμενοι

245 1675 282 1746 τῷ
302 1673 433 1747 ἐπισκόπφ
453 1675 549 1748 καὶτῷ
568 1675 757 1748 πρεσβυτερίιμ.

246 1750 283 1810 ib.
327 1756 351 1807 οί
372 1754 515 1815 ἐπίσκοποι,
536 1756 560 1807 οί
581 1755 693 1807 κατὰτὰ
713 1754 758 1809 πέ.

246 1855 311 1905 ρατα
324 1833 477 1904 όρισθέντες.
501 1851 527 1904 3.
567 1832 759 1904 συντρίχειντῇ

202 1922 205 1927 ’
246 1918 293 1967 τοῦ
310 1916 450 1969 ἐπισκόπου
469 1918 563 1985 γνώμη.
588 1932 613 1982 4.
657 1917 692 1967 Τό
710 1917 761 1986 γὰρ

252 1994 518 2065 ...πρεσβυτίριον...
528 1993 702 2065 συνήρμοσται
723 1999 759 2068 τῷ

247 2073 385 2148 ἐπισκόπφ.
408 2071 445 2129 ib.
489 2072 606 2142 τοιαύτην
626 2073 760 2141 αυνίηθειαν

247 2155 327 2224 ἴσχον
338 2156 403 2226 πρός
416 2156 461 2208 τδν
475 2152 615 2208 ἐπίσκοπον
630 2155 706 2222 ὑμῶν.
731 2167 757 2225 5.

247 2237 322 2308 πόσῳ
343 2237 444 2303 μᾶλλον
464 2233 482 2303 η’
502 2256 531 2287 τε
551 2238 596 2288 τοῦ
618 2235 760 2289 ἐπισκόπου

250 2308 416 2391 [προσευχῇ.
432 2312 469 2370 ib.
513 2315 702 2382 Σπουδάσωμεν
716 2314 761 2368 οὖν

247 2395 282 2463 μη
295 2393 497 2449 ἀντιτάσσεσθαι
511 2398 546 2468 τῷ
561 2395 700 2467 ἐπισκόπιρ.
720 2391 757 2449 ib.

248 2473 312 2528 όσον
334 2475 426 2537 βλέπει
449 2497 487 2530 τις
515 2479 627 2545 σιγῶντα
655 2475 759 2528 ἐπίσκο-

247 2575 303 2608 πον.
328 2554 354 2607 6.
397 2557 446 2608 Τὸν
465 2553 509 2608 οῦν
527 2553 695 2609 ἐπίσκοπον..
709 2597 714 2609 .
727 2556 760 2610 ὥς

247 2635 323 2688 αὐτόν
340 2636 385 2689 τόν
404 2633 497 2706 Κύριον
515 2635 554 2686 δεῖ
573 2634 757 2703 προσβλέπειν.

248 2711 285 2769 ib.
353 2715 389 2771 είς
415 2716 445 2768 τό
474 2713 606 2769 ὑπακούειν
632 2715 696 2782 ὖμᾶς
723 2717 759 2788 τῷ

248 2795 389 2869 ἐπισκόπφ.
411 2812 457 2849 2ο.
499 2794 571 2861 Δάμα
584 2797 629 2847 τοῦ
643 2794 759 2861 ἇξιοθέου

249 2874 318 2943 ὑμῶν
337 2875 485 2930 ἐπισκόπου.
509 2871 607 2948 Magn.
626 2891 651 2928 2.
695 2875 758 2928 ὑπο-

248 2955 373 3009 τάσσεται
395 2958 431 3028 τῷ
459 2956 590 3027 ἐπισκόπῳ
615 2956 649 3009 ὣς
675 2956 760 3024 χάριτι

249 3039 324 3090 Θεοῦ.
346 3033 384 3090 11).
426 3037 461 3104 μὴ
475 3035 639 3105 σογχρᾶσθαι
652 3039 683 3102 τῇ
703 3035 758 3102 ιἠλι-

249 3115 289 3184 κίᾳ
309 3120 354 3169 τοῦ
375 3116 524 3169 ἐπισκόπου.
549 3131 576 3185 3.
620 3118 656 3188 τῷ
677 3117 760 3186 Πατρί

249 3194 336 3263 Ἰησοῦ
367 3199 482 3263 Χριστοῦ
509 3197 545 3268 τῷ
577 3196 677 3248 πάντων
704 3196 759 3249 ἐπι-

249 3278 346 3349 σκόπφ.
369 3273 407 3330 ib.
452 3277 497 3329 τόν
515 3275 655 3329 ἐπίσκοπον
672 3279 761 3328 τοῦτον

249 3357 293 3409 τόν
306 3358 472 3424 βλεπόμενον.
495 3352 534 3409 ib.
577 3358 643 3410 τίνες
657 3355 759 3409 ἐπίσκο-

248 3456 298 3488 πον
307 3437 354 3505 μέν
365 3438 492 3490 καλοῦσιν.
511 3453 536 3502 4.
569 3435 760 3505 προκαθημένου

249 3519 294 3569 τοῦ
317 3515 457 3571 ἐπισκόπου
480 3516 516 3570 εἷς
535 3517 614 3569 τόπον
634 3519 706 3569 θεοῦ.
731 3515 757 3569 6.

249 3595 357 3664 ἐνῶόητε
383 3600 420 3669 τῷ
447 3596 586 3668 ἐπισκόπφ.
610 3592 647 3649 ib.
701 3594 760 3647 ἄνευ

249 3679 295 3730 τοῦ
319 3676 460 3729 ἐπισκόπου
516 3675 593 3742 μηδέν
616 3675 758 3745 πράσσετε.

252 3768 278 3826 7.
322 3758 368 3808 τοῦ
395 3755 630 3826 άξιοπρεπεστάτου
658 3755 761 3807 ἐπισκό-

249 3858 307 3890 που.
327 3851 371 3906 13.
410 3835 567 3906 ’Ὑποτάγητε
580 3837 616 3907 τῷ
630 3835 761 3907 ἐπισκόπῳ

250 3917 290 3969 καί
303 3914 434 3983 άλλίηλοις.
456 3912 494 3970 ib.
534 3915 585 3983 ἅμα
599 3915 761 3987 Πολυκάρπιμ

250 3997 381 4069 ἐπισκόπφ
399 3995 550 4066 Σμυρναίων.
570 4007 614 4064 15.
671 3992 758 4047 Πολύ-

250 4078 308 4139 βιος
330 4080 345 4129 ό
369 4077 508 4130 ἐπίσκοπος
531 4075 606 4144 ὑμῶν.
628 4071 712 4128 Trall.
733 4090 758 4128 1.

246 4154 305 4209 'Or’
319 4156 350 4209 δν
367 4158 417 4226 γὰρ
437 4159 474 4228 τῷ
494 4156 625 4227 ἐπισκόπιμ
645 4155 759 4208 ῦποτάσ·

252 4235 332 4290 σεσθε
360 4236 394 4290 ὡς
417 4239 531 4309 Χριστῷ.
556 4251 580 4289 2.
634 4234 692 4288 όνεν
715 4238 761 4287 τοῦ

251 4316 391 4370 ἐπισκόπου
404 4316 482 4382 μηδέν
494 4316 628 4385 πράσσειν.
652 4311 689 4369 ib.
726 4315 760 4370 ὣς

251 4396 292 4449 καί
325 4396 369 4448 τδν
402 4396 543 4449 ἐπίσκοπον
576 4389 760 4471 [ἐντρεπέσόω

252 4469 322 4552 aar}
346 4492 372 4546 3.
420 4475 471 4543 ἔχω
494 4473 549 4543 μεθ’
564 4475 654 4528 ἐαυτοῦ
677 4475 704 4527 ἐν
724 4477 761 4547 τῷ

252 4556 383 4627 ἐπισκόπιμ
412 4555 485 4623 ὑμῶν.
508 4553 545 4610 ib.
608 4553 762 4623 ἀχαρίστως

252 4639 318 4689 θεοῦ
335 4678 359 4690 ..
376 4676 382 4689 .
397 4636 437 4688 καί
471 4638 516 4687 τοῦ
557 4635 704 4688 ἐπισκόπου.
733 4644 759 4704 7.

251 4718 266 4769 ό
290 4715 370 4786 χωρίς
392 4715 531 4769 ἐπισκόπου
556 4714 595 4767 καί
618 4716 762 4784 πρεσβυτε-

251 4796 308 4866 ρίου
325 4799 511 4864 ...πράσσων
536 4817 570 4848 τι.
594 4791 631 4848 ib.
701 4793 760 4846 ἄνα·

252 4874 350 4946 ψύχειν
372 4876 416 4927 τόν
436 4875 581 4929 ἐπίσκοπον.
609 4889 652 4928 12.
699 4873 762 4928 ὑπο-

252 4958 408 5022 τασσόμενοι
434 4959 471 5027 τῷ
504 4954 634 5026 ἐπισκόπφ
665 4954 698 5008 ὡς
730 4957 760 5020 τῇ

253 5036 351 5103 ἐντολῇ.
378 5051 421 5104 13.
488 5033 527 5087 ότι
553 5036 598 5086 τὸν
624 5033 763 5087 ἐπίσκοπον

837 1276 979 1329 ἐπίσκοπον
1002 1274 1090 1343 ἔγνων.
1120 1290 1141 1327 1.
1194 1272 1263 1326 οὗτοι
1288 1275 1352 1341 μετά

838 1359 883 1408 τοῦ
901 1356 1042 1409 ἐπισκόπου
1062 1352 1134 1407 είσίν.
1159 1371 1185 1425 3.
1229 1353 1256 1406 ἐν
1275 1354 1352 1407 θυσι-

838 1435 967 1505 αστήριον,
983 1436 1016 1490 ὣς
1030 1429 1066 1489 είς
1080 1435 1228 1490 ἐπίσκοπος.
1245 1454 1270 1503 4.
1312 1439 1353 1508 Τῷ

840 1517 971 1588 ἐπισκόπῳ
1005 1515 1156 1584 προσέχετε.
1182 1526 1208 1585 7.
1272 1517 1355 1584 Χωρίς

840 1599 886 1649 τοῦ
913 1596 1053 1649 ἐπισκόπου
1083 1595 1161 1662 μηδέν
1187 1598 1292 1650 ποιεῖτε.
1313 1593 1351 1650 ib.

841 1675 973 1746 συνέδριον
995 1678 1041 1728 τοῦ
1068 1675 1216 1729 ἐπισκόπου.
1241 1677 1267 1729 8.
1329 1678 1355 1729 ἀί

842 1756 948 1826 ἐγγιστα
967 1756 1097 1821 ἐκκλησίαι
1116 1756 1236 1825 ἔπεμψαν
1249 1756 1354 1809 ἐπισκό·

843 1858 913 1890 παυς.
941 1852 984 1889 10.
1036 1838 1134 1891 Πάντες
1159 1839 1195 1909 τῷ
1223 1836 1354 1908 ἐπισκόπιμ

842 1915 1011 1979 ἀκολουθεῖτε,
1030 1917 1064 1971 ὥς
1080 1918 1191 1986 Χριστός
1208 1919 1244 1988 τῷ
1262 1918 1352 1987 Πατρί.

842 1993 955 2068 SmyTn.
973 1995 999 2048 8.
1040 1996 1133 2062 Μηδεὶς
1146 1997 1226 2065 χωρίς
1239 1999 1285 2049 τοῦ
1299 1996 1353 2050 ἐπι-

842 2080 940 2130 σκόπου
960 2077 985 2128 τί
1005 2076 1152 2146 πρασσέτω.
1175 2073 1213 2131 ib.
1257 2074 1354 2143 Ἐκείνη

841 2156 936 2220 βεβαία
968 2155 1119 2225 εὐχαριστία
1134 2199 1139 2210 .
1152 2199 1158 2210 .
1171 2155 1205 2224 ,ἡ
1233 2156 1283 2209 ύπό
1309 2157 1355 2209 τόν

842 2237 990 2290 ἐπίσκοπον.
1013 2233 1051 2289 ib.
1093 2233 1178 2288 Ὀπου
1199 2236 1230 2288 ἂν
1249 2238 1317 2306 φανῇ
1338 2238 1353 2287 ό

841 2313 987 2384 ἐπίσκοπος,
1002 2316 1053 2367 ἐκεῖ
1065 2316 1094 2368 τδ
1108 2315 1205 2381 πλῆθος
1218 2316 1293 2370 ἔστω.
1313 2313 1350 2370 ib.

842 2396 894 2448 Οὐκ
917 2396 975 2462 ἐξὸν
987 2441 991 2449 ,
1005 2439 1010 2449 .
1026 2396 1124 2464 .χωρ“ις
1144 2399 1190 2448 τοῦ
1212 2395 1353 2450 ἐπισκόπου

841 2479 899 2528 οὔτε
916 2476 1056 2541 βαπτίζειν.
1079 2472 1116 2529 ib.
1160 2477 1225 2527 θεόν
1238 2476 1277 2527 καί
1296 2475 1351 2529 ἐπί·

842 2576 940 2608 σκοπον
958 2554 1055 2607 εῖδέναι.
1080 2571 1105 2624 9.
1147 2553 1178 2605 ‘0
1196 2559 1276 2622 τιμῶν
1295 2556 1349 2608 ἐπί-

842 2657 947 2696 σκοπον,
962 2637 1011 2688 ύπδ
1030 2639 1096 2687 θεοῦ
1115 2633 1250 2701 τετίμηται·
1272 2638 1287 2687 ό
1306 2637 1352 2688 λιί-

842 2715 891 2785 θρα
924 2715 1065 2769 ἐπισκόπου
1095 2716 1120 2768 τί
1153 2715 1287 2786 πράσσων,
1317 2718 1353 2788 τῷ

842 2796 955 2868 διαβόλῳ
969 2793 1094 2865 λατρεύει.
1115 2793 1152 2849 ib.
1194 2793 1352 2865 Ἀσπάζοραι

841 2878 886 2928 τόν
897 2875 1013 2942 άξιόόεον
1022 2874 1167 2930 ἐπίσκοπον.
1188 2891 1231 2928 12.
1265 2879 1352 2929 Πολυ·

842 2957 929 3028 κάρπιρ
957 2956 1087 3029 ἐπισκόπῳ
1115 2956 1248 3023 ἐκκλησίας
1271 2963 1353 3027 Σμυρ-

842 3038 923 3090 ναίων.
948 3034 1042 3109 Polyc.
1059 3034 1146 3090 Inscr.
1193 3037 1236 3089 ἐὰν
1248 3036 1353 3106 γνωσθῇ

841 3117 923 3169 πλέον
946 3122 991 3170 τοῦ
1018 3117 1166 3170 ἐπισκόπου.
1190 3128 1217 3185 5.
1289 3119 1352 3182 μετὰ

841 3199 939 3267 γνώμης
965 3200 1011 3249 τοῦ
1035 3196 1175 3249 ἐπισκόπου
1196 3196 1242 3263 τὴν
1264 3196 1354 3248 ἕνωσιν

842 3277 978 3330 ποιεῖσθαι.
998 3274 1035 3331 ib.
1072 3278 1113 3349 Τῷ
1126 3276 1256 3348 ἐπισκόπῳ
1270 3297 1353 3345 προσ·

841 3356 922 3425 ε’χετε.
946 3355 972 3409 6.
1034 3354 1193 3424 Ἀντίψνχον
1223 3356 1274 3426 ἐγὼ
1302 3359 1354 3409 τῶν

841 3433 1058 3503 ύποτοσσομένων
1084 3439 1121 3507 τῷ
1147 3436 1289 3506 ἐπισκόπηι.
1312 3431 1349 3490 ib.

840 3516 885 3568 τὸν
915 3515 1059 3585 Σμυρναίων
1090 3514 1236 3568 ἐπίσκοπον.
1262 3513 1349 3570 Mart.

843 3594 906 3668 Igu.
923 3612 948 3666 3.
992 3593 1135 3661 ἐδεξιοῦντο
1152 3595 1203 3665 γὰρ
1220 3596 1264 3647 τόν
1279 3596 1353 3665 όγιον

842 3674 882 3727 διά
898 3679 949 3728 τῶν
963 3675 1117 3727 ἐπισκόπων.
1139 3671 1176 3728 ib.
1220 3675 1280 3727 όδέ
1298 3676 1352 3728 ἐπί-

842 3776 939 3810 σκοπος
962 3754 1067 3823 χαίρων.
1091 3768 1117 3823 5.
1164 3754 1303 3809 ἐπίσκοπός
1323 3776 1352 3807 τε

842 3836 887 3900 τῆς
900 3835 927 3887 ἐν
939 3832 1038 3903 Σμύρνη
1057 3834 1190 3901 καθαλικῆς
1207 3834 1351 3901 ἐκκλησίας.

844 3911 929 3969 Mart.
946 3911 1039 3987 Polyc.
1055 3913 1097 3967 16.

800 3992 937 4049 Ἐπισπᾶν.
981 3995 1062 4066 ἐαυτῷ
1080 3995 1247 4048 ἐπεσπάσατο
1260 3995 1290 4047 τό
1308 3994 1352 4062 θη-

841 4072 903 4144 ρίον.
927 4072 1011 4129 Mam
1029 4071 1124 4146 Polye.
1140 4090 1166 4144 3.

799 4155 980 4208 Ἐπίοτασθαι.
1011 4151 1170 4207 Ἐπίστασθε
1183 4153 1223 4207 ότι
1236 4153 1309 4206 ούδέν
1321 4153 1350 4206 ό-

843 4234 1090 4305 δικον...γε’γροπτοι
1105 4235 1133 4287 ἐν
1144 4233 1237 4288 αύταῖς.
1261 4231 1349 4288 Clem.

842 4311 920 4384 145.
972 4314 1132 4367 Ἐπίστιισόε
1158 4316 1216 4384 γὰρ,
1241 4315 1281 4367 καί
1308 4333 1352 4365 κα-

842 4396 894 4448 λῶς
916 4391 1066 4447 ἐπίστασθε.
1090 4407 1135 4465 53.
1178 4392 1352 4460 Ἐπιστάμεθα

841 4474 956 4529 πολλοὺς
969 4517 974 4529 .
987 4517 993 4528 .
1010 4514 1016 4526 ·
1028 4474 1236 4544 παραδεδωκότας
1249 4472 1352 4528 ἑαυτοὺς

843 4554 878 4608 είς
896 4554 987 4622 δεσμά.
1010 4565 1057 4623 55.
1106 4553 1193 4623 ἄρχειν
1207 4554 1301 4605 ἐαυτιῦν
1317 4552 1351 4619 μι)

843 4632 1027 4700 ἐπισταμένοις.
1050 4634 1111 4706 Igu.
1128 4631 1242 4705 Fragm
1260 4629 1298 4684 iv.

801 4712 988 4766 Ἐπιστέλλειν.
1035 4714 1065 4766 οὔ
1085 4715 1161 4781 μόνον
1180 4713 1244 4780 ὑμᾶς
1263 4709 1349 4764 νουόε·

843 4795 944 4847 τοῦντες
966 4792 1159 4859 ἐπιστέλλομεν.
1183 4787 1271 4846 Clem.
1291 4786 1349 4860 Ῑ7.

842 4875 1013 4940 πνευματικῶς
1040 4873 1187 4926 ἐπέστειλεν
1213 4870 1279 4939 ὑμῖν.
1302 4886 1349 4941 47.

842 4953 907 5023 πρὸς
920 4952 965 5019 την
981 4951 1117 5018 ἐκκλησίαν
1132 4948 1279 5004 ἐπιστέλλει
1291 4949 1352 5003 Ῥο-

843 5032 930 5098 μαίων.
954 5028 1039 5085 Mart.
1056 5028 1118 5104 [gn.
1135 5049 1161 5097 4.

254 5115 344 5186 Συρίας
364 5116 379 5167 ό
399 5115 463 5169 θεὸς
483 5113 638 5181 κατηξίωσεν
658 5111 760 5183 εὑρεθῆ·
801 5107 955 5178 Ἐπιστῆμη.
1004 5113 1058 5166 τοῖς
1078 5110 1130 5163 κατ’
1145 5107 1285 5178 ἐπιστήμην
1305 5109 1350 5181 όρ-

254 5217 300 5250 ναι.
322 5192 405 5250 Rom.
424 5210 448 5247 2.
491 5193 534 5245 ἐάν
548 5194 575 5246 ἐν
587 5194 623 5245 ἐνί
636 5191 700 5246 δισιν
714 5191 763 5245 σῦν

841 5211 943 5260 χουσιν.
965 5186 1028 5264 Igu
1045 5188 1159 5264 Fragm.
1174 5187 1211 5244 iv.

254 5279 290 5349 τῷ
303 5275 440 5347 ἐπισκόπιμ.
464 5270 573 5328 Philad.
590 5269 679 5327 Inscr.
712 5267 763 5322 ’ον
801 5267 952 5338 Ἐπιστολή.
992 5271 1038 5339 τὴν
1053 5271 1192 5338 ἐπιστολὴν
1207 5279 1254 5324 τοι]
1272 5290 1351 5341 μακει·
