3250 6617
579 1118 634 1180 ΕΤ
657 1114 994 1182 FORMULARUM.
1336 1124 1357 1188 9

264 1271 375 1347 Smyrn.
403 1291 428 1342 4.
472 1273 596 1344 ἀγαπητοί
618 1296 674 1342 μου.
703 1272 768 1349 Ign.

263 1351 359 1429 Magn.
399 1371 442 1409 11.
514 1355 601 1426 ἄνδρες
634 1355 767 1426 ἀγαπητοί.

263 1433 352 1491 Olem.
377 1432 393 1489 I
420 1436 463 1491 16.
517 1439 617 1492 Πάντας
643 1435 688 1490 οὖν
711 1438 770 1494 τοῦς

262 1517 500 1589 άγαπητοὺςαῦτοῦ.
517 1519 543 1573 8.
585 1520 769 1588 προφυλάσσω

262 1599 326 1666 ὑμᾶς
349 1598 422 1655 ὄντος
447 1621 497 1668 μου
520 1598 673 1671 άγαπητοῦς.
703 1597 767 1675 Ign.

263 1677 347 1735 Trall.
364 1680 390 1734 8.
434 1684 465 1734 Οί
488 1682 538 1751 γάρ
560 1680 684 1750 άγαπητολ
705 1703 767 1751 προ-

262 1763 348 1832 φῆται.
383 1758 490 1817 Philad.
516 1779 541 1833 9.
585 1761 615 1816 ῦν
640 1761 770 1833 άγαπητὸν

262 1844 320 1897 λίαν
342 1843 422 1912 ἔχετε.
456 1840 549 1917 Polyc.
576 1854 601 1914 7.
641 1841 771 1897 Ἀτταλον

261 1925 306 1977 τὸν
319 1923 448 1996 άγαπητόν
461 1947 517 1993 μου.
541 1925 567 1979 8.
610 1926 688 1978 ότοῦ
707 1924 769 1997 άγα-

261 2007 473 2074 πητοῦ...παιδο’ς
487 2028 536 2060 σου
551 2005 637 2074 Ἰησοῦ
655 2011 769 2077 Χριστοῦ

261 2086 352 2158 πατὴρ.
379 2084 464 2144 Mart.
482 2084 577 2162 Polyc.
597 2104 640 2156 14.
683 2087 769 2155 Ἰησοῦ

263 2173 365 2242 Χριστῷ
378 2168 499 2243 άγαπητῷ
513 2173 562 2224 σοῦ
574 2169 652 2224 παιδί.
676 2165 713 2224 ib.

222 2252 377 2321 Ἀγγελικός.
411 2251 457 2307 τὰς
470 2251 623 2306 τοποθεσίας
634 2251 678 2306 τάς
692 2250 767 2324 άγγε-

262 2333 340 2388 λικάς.
362 2329 426 2406 Igu
443 2329 527 2388 Trall.
544 2345 570 2403 5.

216 2410 354 2483 Ἀγγελος
397 2415 427 2467 τὸ
447 2416 498 2468 πᾶν
514 2413 612 2483 πλῆθος
629 2418 679 2468 τῶν
692 2413 767 2486 άγγί·

262 2496 315 2547 λων
327 2494 413 2550 αὐτοῦ.
429 2492 517 2550 Clem.
535 2493 551 2550 I
566 2512 612 2567 34.
653 2493 769 2570 τοσοῦτιγ

260 2575 352 2642 μείζων
364 2575 435 2631 ε’στίν
454 2576 578 2649 α’γγίλων.
594 2577 641 2647 36.
678 2577 769 2646 ἡδόξα

261 2660 311 2710 τῶν
337 2656 461 2730 ἀγγελων.
502 2656 566 2734 Ign.
596 2656 709 2734 Smym.
739 2657 765 2714 6.

261 2735 334 2809 οἷπερ
348 2783 354 2793 .
367 2783 373 2794 .
387 2780 394 2793 .
406 2739 453 2808 ἤδη
466 2739 571 2811 άγγελοι
584 2737 656 2807 ἦσαν.
680 2738 765 2796 Mart.

262 2815 356 2893 Polyc.
382 2837 406 2876 2.
454 2823 469 2874 ὁ
496 2823 560 2879 Θεὸς
585 2821 703 2895 ἀγγέλων
728 2823 769 2876 καὶ

261 2901 396 2971 δυνάμεων.
415 2918 459 2971 14.

214 2978 310 3053 Ἄγειν.
352 2985 382 3037 τὸ
409 2984 445 3040 είς
468 2983 573 3038 θάνατον
596 2985 659 3056 άγον
682 2986 766 3054 ζῆλος.

261 3060 350 3121 Clem.
373 3062 390 3119 I
412 3083 438 3137 9.
481 3065 641 3134 συμβούλων
665 3066 769 3138 ἀγαγεῖν

261 3145 487 3217 θεοπρεπέστατον.
520 3144 583 3221 Igu.
617 3145 711 3221 Polyc.
739 3158 765 3218 7.

261 3229 382 3284 ἑκουσίως
424 3231 499 3299 ἤγετο
541 3231 605 3300 πρὸς
637 3231 765 3300 Τραϊανόν.

261 3305 347 3364 Mart.
365 3306 428 3383 Ign.
447 3326 472 3363 2.
514 3309 622 3380 ἄγεσθαι
640 3310 709 3381 παρὰ
723 3311 769 3379 τὴν

260 3392 373 3461 μεγάλην
390 3389 493 3458 Ῥώμην.
516 3388 553 3445 ib.
596 3389 638 3444 ἐπὶ
661 3390 769 3445 θάνατον

261 3471 409 3527 ότοιοῦτος
426 3474 509 3542 ἤγετο.
532 3470 557 3526 6.
601 3469 711 3542 ἢγονείς
724 3472 769 3541 τὴν

260 3553 342 3606 πόλιν.
364 3549 448 3608 Mart.
466 3549 559 3626 Polyc.
577 3552 603 3608 8.
646 3552 768 3625 άγάμενος

260 3632 296 3688 εἰς
308 3633 338 3685 τὸ
352 3634 462 3688 στάδιον.
485 3631 522 3688 ἰί).

220 3709 321 3784 ’Δγίλη
383 3713 477 3786 άγελης
511 3718 589 3784 καλῆς
622 3713 764 3787 ἡγούμενος.

262 3792 347 3852 Mart.
364 3793 428 3871 Ign.
447 3813 472 3850 2.

219 3874 375 3947 ’Λγίννητος
403 3873 448 3934 Εἷς
460 3877 544 3948 ίστρὰς
557 3877 637 3941 ε’στιν,
653 3923 659 3934 .
672 3923 678 3934 .
690 3921 696 3933 .
708 3899 765 3951 γεν-

261 3960 333 4026 νητὸς
346 3960 386 4014 καί
399 3959 539 4032 άγίννητος.
558 3957 621 4034 Igu
638 3957 710 4034 Eph.
728 3970 754 4030 7.

218 4035 342 4110 Ἀγὴρως.
385 4041 421 4097 είς
441 4039 558 4113 δεύτερον
570 4042 611 4096 καί
629 4040 715 4114 άγίηρα
729 4040 766 4094 αί·

260 4125 319 4175 ῶνα.
342 4119 431 4178 Clem.
447 4119 561 4198 Fragm
576 4119 594 4178 i.

218 4200 350 4272 Ἀγιάζειν.
393 4204 555 4277 ἡγιασμένοις
588 4204 616 4258 ε’ν
644 4203 767 4273 θελήματι

260 4289 333 4340 θεοῦ.
350 4281 439 4342 Olem.
456 4283 479 4341 I.
497 4283 585 4341 Inscr.
628 4286 690 4340 κατά
703 4287 765 4341 πάν·

259 4387 291 4418 τα
313 4364 356 4433 ἦτε
380 4367 535 4439 ίγγιασμίνυι.
558 4365 622 4443 Igu.
641 4363 714 4442 Eph.
739 4382 764 4423 2.

259 4447 366 4502 Παύλου
379 4447 528 4518 συμμῦσται
540 4453 586 4503 τοῦ
604 4447 764 4520 ἡγιασμίνου.

263 4544 306 4586 12·

217 4608 367 4682 Ἀγιασμός.
389 4609 767 4683 ποιησομεντᾶτοῦὰγιασμοῦ

258 4693 348 4747 πάντα
369 4688 458 4748 Olem
476 4691 553 4764 130.
596 4692 727 4764 ίγκράτεεα
740 4692 767 4746 ἐν

258 4776 383 4847 ἁγιασμῷ·
408 4785 454 4846 35·

217 4853 394 4927 ιλγιοπμεπίης.
435 4855 560 4923 ὑπηκόους
576 4857 632 4912 τοῖς
646 4858 765 4927 ἁγινπρε·

258 4937 320 4992 πίσι
343 4938 439 5009 λόγοις.
461 4932 550 4993 Olem.
569 4932 587 4991 Ῑ
607 4951 652 5008 13.
701 4935 764 4991 ίνει-

258 5019 400 5088 λημμίνους
426 5019 479 5074 τοῖς
505 5017 675 5090 ἁγεοπρεπίσι
705 5017 767 5075 θεσ-

257 5103 321 5169 μοῖς.
345 5097 439 5173 Polyc.
455 5096 527 5156 Phil.
546 5115 571 5156 1.

213 5176 310 5253 Ἀγιος.
352 5179 451 5252 πλίγρης
467 5178 613 5252 Πνεῦματος
624 5180 713 5255 Ἀγίου
724 5180 767 5239 ίκ·

851 1297 918 1332 σεως
931 1277 1006 1345 ἡμῶν.
1032 1291 1056 1347 7.
1099 1279 1243 1349 φησίνγάρ
1257 1281 1271 1331 ὁ
1286 1279 1358 1350 άγιος

851 1360 936 1428 λόγος.
961 1375 1004 1429 13.
1047 1360 1076 1411 τὸ
1098 1363 1201 1428 Πνεῦμα
1222 1361 1251 1412 τὸ
1269 1357 1357 1430 Ἀγίαν

850 1440 908 1509 περὶ
921 1439 998 1493 αὑτοῦ
1011 1439 1143 1508 ε’λάλησεν.
1171 1440 1214 1496 16.
1257 1441 1298 1494 διὰ
1310 1445 1357 1494 τοῦ

850 1519 996 1589 Πνεῦματος
1014 1524 1059 1574 τοῦ
1072 1520 1159 1593 Ἁγίου
1177 1521 1256 1578 οὕτως
1272 1544 1357 1593 προσ.

850 1604 961 1655 καλείτω
974 1602 1046 1670 ἡμᾶς.
1068 1618 1113 1656 22.
1154 1603 1242 1674 Ἀγίου
1256 1601 1301 1656 οῦν
1312 1626 1355 1673 με-

849 1684 889 1753 ρὶς
911 1683 1075 1754 ὑπάρχοντες.
1106 1701 1152 1756 3ο.
1195 1683 1294 1754 ἧπρὰς
1314 1686 1357 1739 τὸν

850 1766 915 1818 Θεὸν
927 1767 967 1818 καί
980 1765 1039 1821 τοὺς
1054 1767 1141 1836 ἁγίους
1156 1765 1210 1834 μετ’
1224 1765 1357 1836 οἰκτιρμῶν

847 1845 928 1914 μνεία.
958 1845 1004 1916 56.
1055 1844 1142 1903 Οὕτως
1164 1849 1214 1918 γάρ
1236 1851 1318 1918 φησιν
1341 1850 1356 1901 ὁ

849 1927 920 1997 ἁγιος
937 1929 1021 1999 λόγος.
1045 1925 1082 1982 ib.
1125 1928 1196 1996 πάσῃ
1212 1929 1288 1999 ψυχῇ
1302 1928 1356 1982 ε’πι·

850 2009 986 2078 κεκλημένη
1008 2010 1151 2080 τὸ...ἁγιον
1171 2009 1250 2078 ὄνομα
1269 2010 1354 2065 αὐτοῦ.

852 2090 899 2159 58.
941 2091 971 2143 τὸ
995 2089 1085 2161 Ἀγιον
1111 2092 1213 2159 Πνεῦμά
1243 2091 1315 2145 ε’στιν
1340 2091 1356 2160 ἡ

850 2171 922 2226 δόσις
935 2172 1019 2226 αὐτοῦ.
1043 2169 1225 2245 Fragmviii.
1262 2170 1356 2226 Ἔστιν

850 2251 895 2305 οὖν
922 2256 998 2306 τοῦτο
1030 2253 1102 2323 άγιον
1129 2254 1170 2307 καί
1202 2252 1280 2310 εῦθίς.
1315 2250 1352 2309 ib.

849 2334 918 2403 παρά
931 2337 977 2387 τοῦ
990 2335 1063 2405 ἁγίου
1076 2336 1116 2388 καί
1128 2337 1355 2406 πρωτοκορυφαίου

850 2415 957 2486 Πέτρου.
980 2433 1007 2470 x
1050 2416 1109 2472 τοὺς
1131 2417 1217 2487 ἁγίους
1237 2419 1354 2486 πρεσβυ-

849 2497 944 2567 τίρους.
967 2495 1031 2570 Ign.
1048 2495 1144 2572 Magn.
1161 2514 1187 2569 3.
1236 2497 1355 2567 ἐκκλησία

849 2579 916 2648 ἁγίᾳ.
934 2575 1018 2633 Trall.
1035 2575 1123 2634 Inser.
1159 2580 1355 2646 ὁπεπιστευμί-

850 2681 892 2715 νος
905 2661 937 2713 τὰ
955 2660 1013 2731 άγια
1031 2665 1082 2714 τῶν
1094 2661 1180 2732 ἁγίων.
1202 2656 1310 2715 Philad.
1327 2678 1353 2732 9.

850 2740 886 2796 είς
900 2741 959 2797 τοῦς
979 2742 1066 2812 ἁγίους
1087 2743 1127 2795 καί
1144 2742 1252 2797 πιστοὺς
1269 2741 1353 2796 αὐτοῦ.

850 2819 963 2896 Smym
984 2839 1006 2878 1.
1049 2824 1121 2894 άγιός
1143 2845 1181 2878 τις
1204 2825 1254 2894 πρὸ
1278 2822 1353 2891 ἡμῶν.

850 2899 875 2957 F
875 2920 965 2978 ragm.
982 2902 999 2959 i.
1035 2903 1111 2976 Ἀνὴρ
1125 2904 1154 2958 δί
1166 2927 1204 2960 τις
1217 2905 1287 2976 ἅγιος
1301 2900 1357 2959 εἶπέ

849 3006 881 3040 τι.
897 2983 925 3040 ii.
959 2986 1057 3057 άάγιος
1069 2989 1172 3056 μάρτυς.
1189 2983 1273 3042 Mart.
1290 2984 1352 3061 Ign.

852 3082 875 3122 2.
919 3069 964 3121 τὸν
982 3068 1054 3139 άγιον
1067 3067 1243 3139 Πολῦκαρπον.
1270 3065 1353 3139 3668.

848 3148 1052 3221 ε’ἁεξιοῦντογάρ
1065 3150 1200 3220 τὰνάγιον.
1218 3146 1256 3204 ib.
1294 3149 1355 3203 ἁπο-

849 3229 999 3301 δειχθίντων
1019 3234 1055 3304 τῷ
1077 3231 1140 3304 ἁγίῳ
1164 3233 1302 3285 Ποτιάλων.
1327 3242 1353 3300 5.

849 3311 880 3364 τά
893 3313 957 3365 κατὰ
969 3315 1014 3365 τὸν
1026 3313 1097 3382 ἅγιον
1109 3313 1230 3382 μάρτυρα.
1248 3310 1273 3366 6.
1309 3315 1355 3364 τοῦ

849 3392 922 3462 ἁγίου
935 3392 1203 3463 μάρτυροςἸγνατίου.
1226 3389 1263 3446 ib.
1306 3397 1356 3445 τῶν

849 3474 927 3544 ἁγίων
939 3475 1017 3528 αὐτοῦ
1030 3474 1166 3544 λειψάνων.
1182 3469 1219 3527 ib.
1252 3476 1282 3541 τῇ
1296 3473 1355 3543 ἁγίᾳ

847 3555 969 3625 ε’κκλησίη
979 3553 1187 3624 καταλειφθέντα.
1203 3552 1240 3609 ib.
1276 3576 1356 3621 μακα·

846 3636 963 3707 ρίσαντες
982 3637 1027 3689 τὸν
1044 3637 1125 3706 άγιον.
1149 3646 1174 3706 7.
1217 3637 1261 3703 τῆς
1283 3635 1356 3706 ἁγίας

848 3718 888 3770 καί
901 3716 1034 3785 καθολικης
1047 3716 1188 3784 ε’κκλησίας.
1204 3713 1291 3772 Mam
1302 3713 1355 3772 Ρο-

848 3795 901 3871 lyc.
921 3795 1013 3854 Inscr.
1055 3800 1202 3866 κοινωνῆσαι
1229 3801 1265 3873 τῷ
1291 3798 1355 3872 ἁγίῳ

847 3880 924 3932 αὐτοῦ
936 3879 1039 3952 σορκίφ.
1058 3890 1103 3950 17.
1145 3877 1355 3950 Προσαγορεῦετε

847 3963 942 4016 πάντας
954 3960 1015 4017 τοὺς
1031 3961 1127 4032 ἁγίους.
1151 3977 1197 4015 20.
1239 3961 1282 4015 ε’πὶ
1301 3982 1354 4015 σω-

847 4042 919 4113 τηρίη
939 4045 970 4112 τῇ
991 4047 1041 4096 τῶν
1060 4042 1139 4113 ἁγίαν
1152 4041 1281 4098 ε’κλεκτῶν.
1306 4058 1352 4097 22.

848 4123 897 4177 σῦν
910 4125 992 4194 Ποτρί
1004 4124 1044 4177 καὶ
1056 4121 1135 4197 Ἀγίφ
1148 4120 1282 4191 Πνεῦματι.
1304 4121 1342 4179 ib.

806 4203 967 4276 ’λγιοφὰρος
994 4204 1071 4259 ’Eme‘
1085 4203 1353 4276 σῦν...Χριστοῲὰροι,

847 4288 991 4357 άγωφόροι.
1006 4283 1072 4361 Ign.
1088 4282 1161 4360 Epl.
1179 4302 1205 4358 9.
1234 4284 1354 4356 ἐκκλησίᾳ

865 4409 882 4420 ..
897 4369 1037 4441 αγιοφόρη.
1060 4364 1175 4440 Smym.
1191 4364 1280 4422 Inscr.

800 4445 966 4520 Ἀγκιοτρον.
1008 4448 1040 4502 τά
1065 4447 1193 4520 άγκιοτρα
1215 4449 1260 4517 τῆς
1286 4468 1354 4502 κενα-

848 4529 941 4598 ἁοξίας.
982 4526 1047 4605 lgm
1062 4525 1160 4605 Magn.
1177 4544 1221 4586 11.

805 4609 914 4682 Ἀγνεία
956 4612 986 4664 τὸ
1003 4610 1176 4682 άξισγάπητον
1191 4612 1236 4680 τῆς
1255 4605 1355 4681 ἁγνείας

846 4689 914 4760 ἦθος.
947 4688 1038 4748 Olem
1064 4689 1082 4749 I
1108 4708 1154 4748 τι.
1204 4691 1255 4760 δύη
1281 4691 1353 4759 πάσῃ

846 4774 924 4846 6²76
938 4818 945 4831 ·
957 4817 984 4831 ··
999 4773 1100 4846 Μ’
1112 4774 1152 4828 “¹²
1172 4769 1353 4844 W·

848 4854 895 4954 ⁵?-
937 4853 1054 4956 μιν,
1076 4854 1164 4928 οπο
1185 4853 1227 4909 ω
1246 4854 1357 4946 νιος,

847 4956 912 5007 wo
932 4956 1030 5008 nm·
1054 4932 1119 5010 1⁸²
1141 4928 1240 5002 Ἑνὶ]

846 5012 1028 5077 man:

847 5109 874 5173 ὅ
915 5096 944 5155 ⁵
973 5098 984 5106 ⁴

847 5174 919 5250 1²⁰¹!

258 5285 342 5334 χυσις.
369 5260 535 5321 Clemlz.
576 5263 768 5337 είςτὰνὰγθ
845 5278 852 5306 ¹

258 5343 527 5418 τόπονέπυῶθιι.
562 5340 759 5421 wad*
