3250 6617
471 1080 530 1143 DE
554 1078 586 1140 S.
610 1076 790 1141 IGNATII
811 1073 1051 1138 EPISTOLIS.
1222 1098 1229 1119 ·
1261 1073 1283 1137 li

241 1259 338 1337 puto;
362 1252 445 1336 quod
469 1274 509 1316 ne
534 1273 597 1313 una
621 1255 669 1313 est
692 1271 746 1332 per
770 1247 960 1331 quingentos
985 1269 1003 1309 a
1025 1245 1152 1308 Christo
1174 1267 1283 1323 annos,

242 1379 320 1441 quae
343 1378 406 1418 non
431 1377 528 1439 acque
550 1376 623 1417 cum
641 1351 791 1436 Epistolis
810 1349 1011 1414 Brevioribus
1032 1372 1068 1412 ac
1089 1371 1160 1412 cum
1179 1349 1283 1413 Inter·

241 1461 355 1544 polatis
377 1459 542 1535 convenit3
567 1480 603 1521 ca
625 1456 710 1520 enim
731 1455 897 1538 inquibus
917 1452 1080 1518 contendit
1101 1453 1284 1516 allusionem

241 1585 307 1626 csse
325 1561 366 1624 ad
383 1561 540 1644 Epistolas
559 1557 691 1643 Ignatii,
706 1565 763 1622 aut
783 1557 946 1642 praecipue
968 1556 1138 1640 respiciunt
1156 1555 1283 1640 Episto-

241 1665 287 1728 las
303 1665 476 1741 BrevioreS,
492 1670 548 1727 aut
562 1663 603 1726 ad
618 1661 784 1746 Ignatium
803 1684 867 1726 non
886 1660 1042 1745 pertinere
1057 1660 1214 1738 videntur,
1228 1666 1285 1723 aut

243 1768 322 1831 nihil
339 1774 413 1832 sunt
428 1767 468 1831 ad
483 1789 558 1830 rem.

287 2091 450 2154 Hactenus
466 2090 623 2173 lecerpta
639 2088 834 2152 Russeliana.

285 2193 513 2268 Baaamnsms,
528 2215 556 2255 a.
571 2207 664 2273 1740,
681 2190 813 2254 Dissert.
830 2191 840 2252 i
859 2190 898 2254 de
913 2190 1022 2254 Const.
1036 2191 1148 2274 Apost.
1163 2212 1195 2273 p.
1210 2209 1282 2275 232,
1296 2200 1417 2251 Barac.

242 2318 357 2359 novam
368 2295 556 2359 sententiam
567 2295 753 2380 proferebat,
766 2300 931 2378 utramque
943 2293 1061 2357 scilicet
1071 2294 1284 2379 Epistolarum

241 2399 411 2464 editionem
432 2399 646 2462 authenticam
664 2421 739 2462 esse.
786 2407 807 2436 “
819 2397 999 2482 Ignatius,''
1013 2398 1127 2482 inquit,
1143 2406 1165 2436 “
1174 2397 1283 2481 singu·

242 2511 263 2541 “
279 2503 317 2566 lis
333 2502 478 2566 Ecclesiis
494 2502 651 2585 Epistolas
670 2501 739 2564 illas
761 2500 896 2584 scripsit,
912 2524 988 2585 quas
1009 2501 1100 2565 hodic
1120 2499 1284 2584 ampliores

242 2615 264 2645 “
278 2606 430 2669 habemus
459 2612 492 2669 et
521 2605 724 2689 interpolatas
753 2627 909 2669 vocamus.
955 2604 1076 2668 Deinde
1105 2604 1159 2668 ubi
1191 2603 1283 2687 Poly·

242 2718 389 2793 “carpus
413 2731 485 2772 eum
508 2715 634 2792 rogaret
656 2709 694 2772 de
716 2708 869 2792 Epistolis
894 2708 958 2772 suis
983 2730 1088 2772 secum
1111 2706 1283 2772 communi·

243 2823 264 2852 “
279 2813 398 2891 candia,
413 2813 573 2897 Ignatius,
588 2814 641 2896 qui
657 2835 763 2876 earum
783 2812 971 2896 exemplaria
990 2835 1054 2876 non
1074 2811 1219 2888 habebat,
1234 2809 1286 2874 vel

242 2926 264 2956 “
280 2938 318 2980 ex
340 2916 499 2993 memoria,
520 2915 570 2978 vel
596 2937 634 2978 ex
660 2914 761 2999 primo
784 2915 919 2999 quodam
942 2920 975 2978 ct
998 2914 1138 2979 nondum
1162 2913 1285 2997 digesto

243 3029 264 3058 “
280 3025 441 3102 conceptu,
463 3041 481 3081 a
503 3018 639 3103 quodam
661 3041 788 3082 suorum
809 3018 879 3082 illas
901 3018 1034 3083 describi
1056 3017 1188 3095 curavit,
1207 3039 1286 3101 quae

242 3131 264 3161 “
278 3121 370 3186 hodie
384 3121 540 3185 breviores
555 3127 692 3184 exstant.
737 3121 805 3184 Has
821 3122 1011 3206 Polycarpus
1026 3121 1164 3205 collegit,
1180 3126 1212 3184 et
1227 3121 1285 3183 hae

243 3234 264 3264 “
281 3225 417 3289 notiores
431 3224 554 3288 erant.'’

287 3328 414 3404 Contra,
434 3327 465 3389 J.
478 3327 517 3390 E.
528 3327 565 3390 C.
583 3326 792 3404 ScuurnnruS,
807 3350 835 3390 a.
852 3342 945 3412 1795,
960 3327 1113 3410 singulari
1128 3349 1284 3391 commen·
1299 3342 1420 3393 Schmidt

242 3432 363 3495 tatione
394 3430 520 3493 Veracct
547 3431 617 3492 aller
642 3430 691 3492 die
715 3431 888 3511 pedoppelte
912 3431 1074 3493 &remon
1104 3431 1156 3492 der
1180 3430 1286 3494 Brisa

244 3536 295 3597 des
320 3534 458 3615 Ipnotiaa
486 3533 647 3616 inscripta,
677 3555 756 3616 quae
785 3534 902 3617 prodiit
930 3533 964 3596 in
996 3533 1117 3597 Henkii
1142 3534 1285 3614 Mcpocin

231 3638 297 3723 fiir
322 3637 477 3718 Religions
501 3636 704 3717 Philosophia,
730 3637 867 3718 Ecepese,
893 3639 957 3699 und
984 3637 1285 3718 Kirclenpesclticlte,

244 3739 373 3823 probare
395 3746 525 3803 conatus
546 3745 604 3816 est,
626 3761 683 3802 nec
702 3739 877 3823 longiorem
901 3762 956 3803 nec
978 3740 1152 3803 breviorem
1173 3741 1286 3804 harum

244 3842 456 3926 Epistolarum
473 3841 683 3905 recensionem
698 3864 775 3925 opus
789 3864 855 3905 esse
870 3841 1001 3925 Ignatii.
1040 3851 1061 3880 “
1074 3842 1163 3905 Idem
1179 3849 1286 3906 tamen

186 4026 191 4033 ι
244 3954 266 3984 “
281 3945 330 4008 vir
344 3944 576 4021 doctissimus,’'
593 3950 629 4006 ut
644 3944 747 4007 verbis
763 3944 837 4008 Jani
853 3967 912 4007 van
930 3945 1036 4008 Gilse¹
1051 3952 1133 4022 utar,
1144 3944 1286 4008 “deinde

244 4056 266 4086 “
282 4047 470 4111 sententiam
496 4069 585 4110 suam
615 4046 661 4109 ita
685 4047 834 4123 mutavit,
860 4053 897 4109 ut
921 4049 990 4131 jam
1019 4054 1139 4132 septem
1165 4048 1287 4132 Ignatii

244 4159 266 4190 “
280 4150 447 4234 Epistolas,
471 4173 488 4213 e
512 4147 652 4213 breviore
675 4149 867 4227 recensione,
892 4150 919 4212 si
941 4174 960 4214 a
981 4152 1142 4215 nonnullis
1164 4151 1287 4215 serioris

244 4262 266 4292 “
281 4253 429 4336 temporis
445 4250 668 4315 additamentis
683 4250 833 4330 discedas,
845 4253 999 4336 genuinas
1014 4261 1047 4317 et
1061 4276 1149 4317 veras
1166 4253 1287 4338 Ignatii

245 4365 266 4395 “
282 4378 347 4419 csse
362 4355 520 4439 Epistolas
542 4360 652 4418 contra
674 4354 848 4418 Semlerum
869 4356 1033 4420 defendere
1055 4356 1139 4420 haud
1160 4356 1285 4420 dubita·

244 4468 266 4498 “
282 4460 372 4523 verit.
418 4459 467 4522 Cf.
496 4459 722 4522 Observationea
744 4460 815 4522 atter
834 4460 883 4522 dic
902 4460 1094 4540 Ipnozisctea
1115 4460 1230 4544 Bn'ese,
1253 4459 1286 4522 in

246 4571 267 4601 “
282 4565 336 4626 der
360 4563 531 4626 Bibliottelc
548 4565 613 4648 ffir
641 4564 746 4627 Kritilc
774 4565 839 4626 aad
866 4564 992 4644 caepere
1021 4566 1072 4626 dea
1096 4565 1137 4627 N.
1167 4565 1196 4626 T.
1225 4565 1289 4626 aad

245 4675 267 4705 “
282 4667 390 4729 alceste
414 4666 716 4747 Kircdecpescliclte,
748 4667 848 4751 1463
871 4689 939 4749 sq.;
978 4666 1102 4729 Versuch
1133 4668 1203 4728 r‘c'bcr
1231 4668 1287 4729 dea

245 4776 267 4805 “
288 4767 439 4849 Urspwcp
467 4769 521 4831 der
545 4769 756 4832 Kalholischea
782 4770 902 4846 Kircbe,
929 4768 971 4831 ib.
997 4775 1024 4832 ll
1048 4768 1058 4829 i
1084 4792 1115 4852 p.
1142 4789 1180 4846 ¹3
1218 4771 1288 4832 iiber

245 4878 267 4908 “
282 4871 339 4932 dea
373 4870 482 4933 Koaoa
517 4873 568 4933 des
597 4872 745 4952 [prece-tius,
784 4878 827 4934 ΙΙΙ
858 4894 889 4954 p.
915 4890 975 4956 299
1003 4895 1047 4954 sq.
1109 4872 1205 4935 Haud
1242 4873 1288 4936 ita

245 4973 420 5036 “multum
442 4973 482 5036 ab
505 4974 564 5038 hoc
587 4973 755 5037 Schmidtii
776 4974 895 5058 judicio
918 4975 1041 5038 diversa
1061 4981 1110 5038 est
1131 4976 1287 5040 sententia

277 5138 291 5167 ¹
308 5131 340 5179 In
357 5132 574 5182 Commentations
594 5134 625 5182 de
646 5134 750 5182 Petrum
767 5137 857 5198 Apost.
877 5135 998 5183 Doctrina
1014 5135 1115 5189 Morali.
1132 5152 1216 5199 quam,
1232 5151 1288 5185 cum

242 5213 338 5262 duabus
348 5214 405 5264 aliia
416 5214 528 5277 ejusdem
539 5218 680 5281 argumenti
695 5217 763 5281 legas
774 5218 800 5265 in
811 5217 906 5267 Annal.
920 5218 999 5267 Acad.
1013 5218 1094 5282 Lugd.
1108 5218 1165 5269 Bat.
1182 5223 1250 5281 1832,
1265 5234 1286 5281 3.

762 5319 821 5383 g2
