3250 6617
531 1076 592 1140 AD
614 1074 905 1154 CORINTHIOS,
922 1075 974 1139 vii.
1233 1076 1276 1142 57

232 1246 388 1322 intentis
415 1248 528 1323 oeulis
552 1249 770 1335 intueamur,
787 1258 827 1323 et
851 1275 962 1348 quam
986 1249 1168 1347 pretiosus
1195 1249 1274 1323 Deo

232 1364 284 1437 sit
301 1363 380 1463 ejus
397 1364 557 1465 sanguis,
574 1364 852 1451 considerem,
865 1366 930 1463 qui
946 1374 1096 1463 propter
1112 1375 1274 1438 nostram

232 1480 391 1555 salutem
421 1480 558 1555 effusus
586 1482 660 1554 toti
683 1480 821 1555 mundo
845 1483 1093 1580 poenitentiae
1117 1483 1274 1582 gratiam

232 1596 377 1671 obtulit
430 1597 674 1671 Recurramus
699 1596 746 1670 ad
772 1623 896 1671 omnes
918 1599 1046 1672 mundi
1066 1609 1216 1687 aetates,
1236 1610 1275 1675 et

233 1712 424 1799 discamus,
442 1714 541 1813 quod
558 1713 597 1786 in
621 1714 720 1786 omni
741 1715 985 1813 generatione,
1003 1715 1210 1790 volentibus
1227 1717 1274 1791 ad

232 1830 355 1929 ipsum
379 1831 552 1916 converti,
571 1831 752 1904 Dominus
777 1832 1025 1930 poenitentiae
1048 1832 1166 1906 locum
1191 1862 1273 1908 con-

274 2102 301 2161 5.
317 2090 345 2144 ἐν
363 2093 436 2162 γενεᾷ
461 2084 527 2169 [καὶ]
544 2085 629 2168 γενεᾷ]
651 2088 734 2145 More
775 2089 823 2166 qui
837 2088 1009 2147 auctoritate
1020 2089 1075 2146 Dei
1088 2089 1191 2147 muniti
1205 2110 1273 2168 poe·

234 2167 432 2228 Hellenistico.
476 2169 601 2229 Hebraei
628 2170 734 2228 habent
774 2170 926 2227 nitentium
952 2190 985 2227 ac
1019 2178 1200 2247 peccatorum
1229 2192 1273 2231 re·

231 2249 381 2315 'namuel
401 2244 462 2315 nim
484 2246 537 2317 ὢν
551 2252 696 2327 accuratio
709 2261 735 2308 et
775 2251 939 2309 missionem
960 2252 1177 2328 praedicarent5
1213 2274 1272 2312 eos·

229 2332 385 2406 peraratas
399 2333 609 2408 processeratis
622 2354 642 2390 α
653 2352 734 2408 γαπο-
775 2352 830 2409 que
851 2332 1027 2405 adhortatur,
1048 2342 1082 2392 ut
1108 2343 1275 2411 percurrant

232 2412 346 2471 ratione
361 2421 391 2472 et
409 2434 505 2472 οτηνιαα
518 2414 733 2490 permotiones:
775 2434 966 2491 omnesquae
980 2415 1040 2491 jam
1057 2425 1274 2492 praecesserant,

232 2512 321 2570 quarn
343 2494 478 2573 loquendi
500 2496 621 2554 formam
645 2495 733 2553 secuti
774 2496 994 2573 generationes;
1024 2505 1053 2555 et
1074 2497 1176 2555 exinde
1201 2498 1274 2556 edis-

233 2574 350 2635 luemnt
363 2576 440 2635 Novi
449 2576 622 2636 Testamenti
638 2576 733 2652 Serip-
775 2586 841 2634 cant
867 2578 961 2635 Deum
988 2598 1039 2654 per
1061 2580 1275 2656 generationem

232 2664 320 2731 tores,
349 2665 380 2717 et
413 2658 521 2730 Patres,
554 2678 644 2735 eoque
677 2658 732 2715 fre-
774 2666 803 2716 et
831 2658 1043 2735 generationem
1070 2659 1201 2719 omnihus
1226 2661 1274 2738 qui

232 2738 376 2815 quentiae,
389 2760 446 2816 quo
466 2740 530 2817 quis
551 2740 667 2817 propius
687 2759 732 2797 ac·
773 2739 926 2798 voluerunt
953 2741 989 2798 ad
1024 2741 1116 2817 ipsum
1148 2743 1276 2802 converti

232 2819 360 2879 ceditad
372 2821 561 2898 apostolicum
580 2821 732 2879 saeculum.
774 2821 886 2879 dedisse
909 2825 954 2877 τὸν
974 2827 1052 2879 τόπον
1071 2828 1115 2894 τῆς
1138 2827 1275 2894 μετανοίας.

233 2900 359 2959 WOTT.
775 2902 855 2976 Quae
880 2903 983 2974 omnia,
1008 2904 1099 2961 aliena
1123 2925 1238 2982 prorsus
1258 2926 1276 2964 a

274 2984 301 3041 6.
315 2986 448 3053 μετανοίας
458 2984 549 3059 τόπον]
571 2982 677 3041 Junius
690 2984 732 3039 τύ-
774 2989 818 3040 τὸν
845 2986 925 3041 τύπον
951 2988 1049 3048 ἔδωκεν,
1078 2987 1186 3062 optime
1209 3007 1275 3046 con·

231 3086 282 3121 τον
306 3064 460 3141 legendum
486 3084 547 3123 esse
573 3074 677 3137 censet,
705 3070 735 3121 et
774 3066 893 3123 veniunt
916 3086 980 3124 cunr
1008 3070 1052 3122 τὸν
1077 3073 1155 3124 τόπον
1176 3072 1274 3126 ἔδακεν.

232 3154 400 3205 autumatur
434 3146 461 3205 S.
492 3146 607 3204 Patrem
638 3146 732 3204 imita·
774 3148 868 3220 Quam
891 3147 1006 3223 phrasin
1028 3149 1124 3225 potius
1148 3151 1184 3207 ab
1206 3150 1275 3228 Epi-

231 3233 297 3285 tum
328 3227 414 3286 filicae
442 3227 514 3285 illud
543 3226 732 3286 Ecclesiastici
773 3229 848 3287 stola
863 3229 900 3286 ad
915 3228 1069 3299 Hebraeas,
1083 3231 1133 3289 ubi
1153 3232 1278 3291 occurrit

232 3307 294 3366 xliv
311 3310 356 3380 16,
369 3310 453 3383 Ἐνὺχ
470 3312 625 3381 αι’νγρίστγσς
639 3313 732 3386 Κυρίῳ,
775 3316 854 3367 τόπον
880 3315 1011 3380 μετανοίας
1037 3314 1085 3385 οὐχ
1113 3314 1192 3386 εὗρεν,
1222 3311 1276 3394 [xil

233 3394 274 3447 καὶ
296 3392 417 3462 μετετέθη
440 3394 578 3465 ὑπόδειγμα
604 3395 735 3461 μετανοίας
780 3388 828 3472 17]
842 3392 961 3468 petitam
973 3392 1058 3451 fuisse
1073 3414 1180 3465 censeo,
1190 3414 1275 3472 quam

232 3475 288 3531 ταῖς
319 3477 416 3547 γενεαῖς
483 3472 625 3550 Equidem
652 3471 734 3532 Junii
775 3473 974 3550 depromptam
1008 3495 1044 3531 ex
1080 3476 1277 3535 Ecclesiastico

233 3553 397 3631 conjectura
416 3553 534 3611 minime
551 3560 626 3613 esset
642 3553 734 3630 rejici·
774 3554 848 3613 libro
867 3575 951 3632 quern
973 3555 1049 3613 haud
1067 3576 1187 3633 usquam
1207 3558 1277 3617 citat

235 3634 316 3706 enda,
335 3634 421 3693 modo
439 3635 476 3693 de
496 3634 668 3693 Patriarchie
687 3656 732 3693 oc·
777 3635 909 3695 Clemens
937 3645 1034 3695 noster
1045 3658 1053 3709 ;
1087 3649 1137 3697 aut
1164 3640 1277 3698 allusio-

234 3714 388 3775 carrissent
400 3716 470 3775 haec
483 3717 570 3775 verba
588 3737 621 3775 eo
642 3717 672 3773 in
691 3717 733 3775 lo·
775 3737 842 3775 nem
856 3717 917 3774 fieri
938 3719 975 3775 ad
993 3739 1103 3776 morem
1117 3721 1278 3797 primaevae

235 3816 278 3869 co,
290 3798 341 3855 nbi
361 3806 562 3875 proponuntur
578 3798 735 3856 Corinthiis
777 3798 927 3869 Ecclesiae,
950 3800 998 3856 uhi
1020 3801 1099 3859 locus
1123 3822 1190 3859 suus
1211 3823 1278 3879 poe-

235 3877 314 3955 digni
339 3899 461 3957 quorum
485 3879 616 3955 exempla
634 3898 733 3956 seque·
775 3880 934 3938 nitentibus
954 3882 1159 3958 assignabatur,
1179 3884 1277 3957 donec,

234 3970 341 4018 renum.
384 3960 504 4018 Minime
528 3979 596 4018 vero
618 3960 735 4019 ferenda
774 3962 911 4038 praestita
922 3963 1124 4035 satisfactione,
1138 3985 1203 4022 curn
1215 3966 1277 4024 Deo

234 4040 360 4101 cethaee
373 4041 535 4100 emendatio
548 4040 733 4115 inhocloeo;
774 4050 804 4103 et
824 4043 951 4101 Ecclesia
972 4045 1033 4121 ejus
1052 4046 1277 4119 conciliarentur,

234 4121 294 4181 sire
315 4122 393 4181 enim
413 4123 451 4181 ad
469 4123 634 4182 immediate
650 4144 730 4201 prae·
774 4146 807 4183 ac
835 4125 992 4203 privilegiis
1021 4126 1163 4186 Ecclesiae
1196 4128 1278 4186 resti-

233 4204 372 4277 ccdentia,
393 4204 453 4263 sive
476 4205 514 4263 ad
536 4205 667 4283 proxime
690 4226 733 4265 se·
775 4215 932 4266 tuerentur.
977 4208 1062 4280 Quod
1083 4209 1106 4266 si
1127 4230 1163 4266 ex
1182 4209 1278 4286 aliquo

234 4286 352 4364 quentia
361 4287 449 4345 verba
459 4287 648 4359 attendamus,
658 4292 737 4345 τόπον
776 4288 849 4347 libro
864 4287 1036 4366 Apocrypho
1057 4290 1176 4366 petitam
1193 4290 1279 4349 fuisse

234 4368 352 4427 omnino
364 4368 548 4428 retinendum
561 4368 627 4445 jure
641 4387 735 4426 cenae·
777 4378 890 4428 censeat
904 4370 976 4428 hanc
986 4370 1111 4447 phrasin,
1120 4392 1207 4448 quare
1221 4392 1279 4431 non

233 4448 335 4509 bimus
375 4450 468 4509 Docet
481 4449 558 4508 enirn
572 4448 736 4507 Corinthios
776 4470 813 4509 ex
835 4450 909 4509 libro
932 4452 1115 4528 Sapientiael
1140 4453 1189 4510 ubi
1209 4453 1279 4530 legi-

234 4528 365 4602 fiPater,
375 4530 613 4609 Redemptlonem
623 4536 736 4605 pultem
776 4551 849 4599 mus,
864 4536 953 4606 κρίνων
966 4537 993 4589 δὲ
1014 4537 1162 4608 καταβραχὺ
1183 4538 1280 4594 ἐδίδους

233 4610 438 4671 fuineChristi
450 4612 588 4689 sanguine
598 4632 608 4684 3
626 4611 735 4669 nemini
775 4618 855 4670 τόπον
875 4617 1015 4684 μετανοίας.
1040 4615 1081 4671 xii
1099 4634 1145 4687 10,
1170 4622 1199 4675 et
1221 4618 1280 4675 δοὺς

233 4692 405 4771 denegatam
422 4712 484 4753 08⁸⁶
499 4693 623 4771 gratiam
635 4692 734 4770 poeni·
776 4699 885 4768 χρόνους
907 4697 947 4749 καὶ
967 4700 1045 4752 τόπον
1065 4698 1096 4752 δι’
1112 4700 1147 4752 ὧν
1163 4698 1279 4754 ἀπαλλα-

232 4775 348 4847 tentiae,
362 4774 601 4852 Redemptionem
614 4774 688 4833 hanc
706 4782 735 4834 et
775 4783 843 4850 γῶας
856 4779 900 4845 τῆς
913 4782 1006 4841 κακίας,
1023 4794 1070 4834 ao.
1108 4777 1176 4835 Non
1190 4778 1280 4856 igitur

233 4856 356 4933 gratiam
374 4855 565 4915 universalem
584 4856 737 4915 adomnia
775 4857 832 4914 alia
855 4856 970 4914 videtur
991 4876 1051 4915 esse
1075 4877 1167 4925 eausa,
1191 4879 1280 4938 quare

232 4944 364 5015 tempora
377 4957 435 4997 non
450 4956 533 4997 seara
551 4957 586 4997 ac
602 4938 666 4996 loce
685 4958 734 4996 ex·
776 4939 856 4995 π’παν
867 4937 930 4996 loco
951 4943 1030 4995 τόπον
1047 4940 1280 5000 substituendum

232 5019 312 5079 tandi
323 5039 333 5093 ;
355 5018 427 5077 adeo
443 5026 479 5078 ut
497 5038 533 5078 ex
553 5019 614 5096 ejus
627 5018 736 5078 virtute
777 5039 838 5078 esse
865 5019 951 5078 vellet
977 5020 1090 5093 Junius,
1118 5023 1173 5081 nisi
1201 5023 1279 5101 quod

233 5118 285 5179 por
308 5099 407 5161 omnia
430 5100 544 5160 saecula
564 5101 642 5159 locus
662 5108 737 5159 esset
776 5105 908 5172 μετανοίας
923 5104 1105 5159 τόπονὲδοκεν
1118 5110 1132 5161 ό
1146 5110 1280 5175 Δεσπότης

233 5182 433 5261 poenitentiae,
468 5201 560 5259 neque
597 5182 736 5255 deessent,
777 5188 830 5243 τοῖς
849 5185 1013 5255 βουλομέναις
1034 5187 1220 5260 ἐπιστραφῆναι
1241 5188 1279 5242 ἐπ’
