3250 6617
542 1056 604 1119 AD
627 1054 917 1133 CORINTHIOS,
940 1056 981 1118 iv.
1242 1061 1283 1122 13

241 1231 365 1305 fratris
390 1231 449 1305 sui
471 1229 571 1305 Esau
595 1230 751 1332 aufugit
803 1229 914 1304 Zelus
938 1229 1059 1304 effecit
1079 1241 1124 1304 ut
1146 1230 1170 1305 J
1173 1230 1285 1329 oseph
1297 1243 1455 1293 Gen-xxxvii·

242 1348 290 1422 ad
314 1357 471 1422 mortem
492 1374 609 1446 usque
631 1348 882 1447 exagitaretur
902 1356 941 1420 et
962 1373 1078 1445 usque
1103 1347 1151 1421 ad
1175 1347 1286 1420 servi-

243 1475 365 1541 tutem
389 1465 583 1540 accederet.
635 1464 745 1539 Zelus
763 1463 919 1563 Moysen
941 1490 965 1536 a
980 1463 1071 1539 faeie
1088 1463 1287 1538 Pharaonis

242 1578 340 1678 regis
367 1577 534 1677 Aegypti
560 1577 688 1678 fugere
717 1576 904 1678 compulit,
934 1603 1049 1676 quum
1074 1576 1288 1676 popularem

244 1722 353 1769 suum
369 1695 551 1769 dicentem
567 1695 722 1781 audiret,
742 1695 835 1787 Quis
851 1707 884 1768 11
901 1692 1085 1767 coustituit
1102 1693 1287 1768 arbitrum
1301 1721 1453 1782 modam.

244 1823 310 1884 um
325 1809 495 1909 judicem
519 1810 744 1909 supernos?
772 1809 956 1908 numquid
978 1809 1173 1883 11111111
1196 1807 1288 1883 ocei-

245 1926 342 2014 dere,
373 1927 684 2025 quemadmodum
715 1925 885 2002 occidisti
916 1924 999 2001 heri
1027 1924 1287 2024 Aeyyptiu-m?

245 2043 400 2142 Propter
420 2043 540 2118 zelum
561 2043 686 2118 Aaron
709 2054 748 2118 et
770 2043 918 2118 Miriam
940 2054 1047 2118 extra
1070 2051 1191 2117 eastre
1214 2069 1380 2119 ma-uum.
1394 2069 1431 2118 xa

245 2185 331 2233 nere
348 2160 463 2234 eoacti
479 2169 575 2235 sunt.
611 2159 722 2234 Zelus
739 2161 892 2235 Dathan
909 2169 949 2235 et
965 2159 1106 2234 Abiron
1121 2159 1226 2233 vivos
1242 2158 1287 2233 ad
1302 2147 1381 2267 §m
1393 2215 1436 2265 xvi

245 2276 379 2351 inferos
400 2276 568 2366 detrusit,
585 2277 684 2377 quod
701 2303 785 2352 oum
802 2276 932 2376 Moyse
950 2277 1023 2351 Dei
1038 2275 1175 2350 famido
1196 2275 1290 2350 sedi·
1303 2297 1343 2346 3³·

245 2394 338 2467 tiose
355 2393 624 2468 oontenderent
670 2393 826 2491 Propter
840 2391 961 2467 zelum
979 2391 1103 2466 David
1119 2418 1193 2465 non
1209 2402 1290 2465 tan·

246 2519 329 2583 tum
353 2507 638 2610 alienigenam
663 2508 841 2585 invidiam
866 2509 1053 2596 sustinuit,
1079 2508 1144 2584 sed
1168 2533 1291 2607 regem
1305 2539 1320 2640 ἔ
1324 2523 1390 2574 Sam
1399 2523 1459 2572 xviii

247 2627 360 2701 etiam
378 2625 467 2702 Saul
483 2636 784 2726 persequutorem
801 2635 977 2725 expertus
994 2637 1061 2700 est.
1331 2606 1369 2654 'q'

278 2846 303 2900 3.
319 2823 424 2906 φυγεῖν]
443 2826 491 2886 Ita
504 2847 569 2884 oum
583 2825 751 2886 codaleto
791 2845 829 2884 ex
855 2824 891 2882 iis
922 2824 953 2883 id
980 2824 1155 2903 praestitisse
1186 2831 1291 2884 narrat

248 2907 656 2967 Wott.Gell.Hefel.Dressel.
682 2907 751 2966 Cae·
792 2907 841 2966 Ita
868 2906 904 2965 D.
921 2906 1026 2966 Paulus
1053 2906 1201 2966 Christum
1227 2913 1294 2983 post

249 2989 305 3048 teri
318 2990 432 3063 φεύγειν.
791 2989 1028 3048 resurrectionem
1049 2989 1110 3066 ejus
1131 2988 1295 3065 apparuisse

291 3085 317 3143 5.
346 3076 389 3128 Τίς
417 3095 449 3128 σε
475 3072 616 3141 κατέστησε
648 3067 745 3150 κριτὴν]
791 3071 879 3129 refert
896 3076 949 3129 τοῖς
967 3073 1071 3142 δώδεκα,
1090 3090 1179 3147 quum
1196 3077 1294 3128 tamen

251 3151 332 3210 LXX
350 3155 393 3210 Τίς
414 3176 445 3209 σε
466 3154 621 3223 κατέστησεν
638 3154 750 3226 ὅρχοντο
790 3171 843 3209 nee
860 3151 951 3210 Judes
969 3151 1019 3228 qui
1034 3151 1188 3229 suspendio
1203 3151 1294 3210 vitam

250 3239 290 3290 καὶ
304 3237 512 3305 &namtarum
555 3233 595 3292 Et
607 3232 649 3291 sic
663 3232 750 3292 etiam
790 3232 930 3302 finiverat,
944 3233 1033 3291 immo
1051 3252 1103 3291 nec
1117 3232 1227 3306 Petrus,
1242 3251 1295 3290 nee

251 3313 287 3372 D.
311 3314 411 3387 Lueas,
435 3313 500 3373 Ace
527 3313 567 3372 vii
591 3328 636 3388 27.
680 3314 751 3372 Mox
792 3314 925 3387 Thomas,
959 3334 1011 3372 nee
1051 3314 1184 3387 Jacobus,
1225 3321 1295 3373 tunc

250 3416 304 3474 pro
331 3397 405 3468 ἐχθές
432 3394 513 3453 LXX
542 3405 571 3454 11
600 3395 636 3453 D.
660 3395 752 3454 Lucas
792 3395 930 3473 temporis
971 3395 1134 3454 interfuere.
1201 3395 1296 3455 Simili

250 3480 320 3550 χθές,
331 3496 417 3554 quam
430 3475 551 3535 formam
564 3477 752 3549 usitatiorem,
792 3477 860 3545 ritu,
868 3477 900 3534 in
914 3476 1044 3553 Epistola
1056 3478 1093 3535 ad
1102 3476 1249 3536 Hebraeos
1259 3477 1297 3535 de

251 3558 357 3619 lectore
378 3578 435 3617 non
455 3558 574 3631 monito,
588 3558 669 3617 dedit
690 3558 754 3617 cle·
794 3557 923 3636 pluribus
950 3558 1064 3628 dicitur,
1085 3558 1162 3636 quod
1190 3559 1297 3617 elause-

251 3640 335 3698 rious.
794 3647 863 3698 runt
877 3640 1064 3710 malannum,
1077 3648 1108 3699 et
1120 3660 1199 3698 serra
1216 3647 1298 3698 erant

294 3725 320 3780 8.
340 3725 388 3778 Διὸ
409 3725 483 3792 ζῆλος
495 3718 606 3801 Ἀαρὼν]
632 3720 765 3782 Librarii,
796 3719 910 3779 dissecti
925 3741 932 3791 ;
954 3741 1077 3798 quorum
1094 3728 1191 3780 tamen
1207 3741 1297 3779 unum

253 3802 404 3861 oscitantia
417 3802 497 3861 dedit
510 3801 556 3860 hie
570 3804 756 3877 ΖῆλοςἈορὼν
796 3801 850 3861 soli
885 3801 1007 3872 Danieli,
1039 3802 1162 3861 alterum
1197 3802 1299 3860 Esaiae

254 3909 275 3942 κ.
286 3909 308 3942 r.
318 3889 345 3940 λ.
367 3884 398 3942 in
425 3884 662 3957 0111111111
688 3904 757 3943 mox
797 3883 929 3960 pertinet.
979 3883 1089 3942 FELL.
1159 3883 1207 3942 sie
1240 3882 1300 3941 fere

254 3969 302 4021 Διὰ
316 3970 391 4036 ζῆλος
404 3968 490 4022 Δοθὸν
503 3989 526 4021 κ.
536 3991 557 4022 τ.
568 3970 594 4024 λ.
799 3964 875 4024 Guil.
887 3964 1015 4038 Burton;
1035 3973 1066 4024 11
1077 3964 1167 4023 satius
1180 3964 1299 4023 forsitan

295 4047 332 4105 ib.
341 4049 440 4120 Ἀορὸν
452 4047 493 4104 καὶ
506 4043 621 4126 Μαριὰμ]
641 4046 686 4105 De
701 4045 756 4103 Mi·
799 4053 851 4118 est,
866 4065 932 4104 enm
946 4046 1065 4118 Olerim,
1078 4046 1125 4106 hio
1146 4047 1222 4123 apud
1237 4045 1301 4105 Ole-

254 4127 328 4185 riam
338 4147 375 4186 ex
389 4134 472 4187 textu
482 4146 562 4186 saero
573 4135 685 4187 constat
696 4147 758 4186 eam
798 4135 926 4187 mentem
933 4132 1083 4200 μνημονικὸν
1089 4131 1222 4203 ἁμάρτημα
1231 4127 1301 4186 inre

255 4209 357 4270 eastris
366 4209 519 4279 exclusam,
530 4209 567 4267 de
576 4208 690 4267 Aarone
700 4229 758 4267 non
799 4209 913 4269 tantilla
927 4229 1086 4287 agnosoere.

255 4290 346 4362 item;
367 4291 417 4349 sed
439 4290 467 4349 S.
484 4290 605 4362 Literee‚
619 4310 709 4368 quum
722 4290 759 4348 de
842 4312 867 4366 9.
884 4286 1019 4370 Ἀβειρὸν]
1044 4290 1093 4349 Ita
1112 4309 1177 4348 eum
1194 4289 1256 4348 Ma.
1272 4297 1303 4348 et

256 4373 386 4450 pluribus
405 4372 571 4449 loquuntur,
585 4391 619 4431 ea
638 4391 755 4450 genera·
799 4373 889 4445 LXX,
910 4370 999 4431 Wott.
1016 4372 1089 4430 Gall.
1106 4371 1198 4430 Hefel.
1215 4371 1302 4430 Dres-

255 4453 311 4513 tim
327 4454 421 4513 solent
440 4453 576 4530 proferre,
589 4473 662 4531 quae
682 4453 758 4531 parti
798 4454 847 4513 sel.
874 4454 987 4512 Caeteri
1001 4453 1074 4511 Edd
1085 4456 1219 4526 Ἀβειρώμ

256 4542 370 4594 tentum
383 4554 482 4594 revera
495 4535 677 4593 conveniunt.
710 4535 758 4594 sic
844 4554 887 4593 11.
901 4538 985 4602 Δοβὶδ
998 4537 1096 4608 φθόνον
1105 4530 1195 4613 ἔσχον]
1215 4533 1303 4593 Forte

258 4617 294 4674 de
331 4616 490 4675 latronibus
522 4616 639 4689 dietum,
674 4615 758 4676 Matt.
801 4617 922 4690 ὕπεοχεν.
955 4613 1044 4675 JUN.
1087 4614 1170 4673 Nihil
1190 4621 1303 4674 muten-

258 4697 339 4756 xxvii
373 4717 420 4770 44,
460 4704 597 4775 utrosque
634 4697 761 4757 Domino
801 4698 872 4756 dum
882 4718 892 4770 ;
934 4717 1001 4756 nam
1035 4699 1134 4770 φθόνον
1159 4700 1228 4769 ἔχειν
1259 4703 1304 4755 est

259 4778 459 4851 maledixisse3
488 4799 576 4857 quum
605 4778 643 4836 D.
670 4778 761 4838 Lucas
801 4778 913 4857 phrasis
930 4779 1002 4838 bene
1017 4777 1133 4851 Graeee,
1150 4776 1304 4855 signifieat·

258 4880 348 4920 unum
365 4861 459 4920 solum
478 4880 513 4920 11
532 4860 563 4918 in
580 4880 657 4920 noxa
676 4860 762 4919 fuisse
802 4879 859 4937 que
885 4860 1034 4931 mmideri,·
1067 4868 1101 4918 ut
1125 4859 1239 4918 dooebit
1263 4858 1302 4917 H.

259 4942 394 5002 distinete
424 4940 602 5020 pronunciet.
655 4941 703 5001 sie
724 4942 760 5000 D.
803 4941 966 5018 Stephanus
979 4941 1009 4999 in
1023 4940 1304 5011 ’.1111111111τί-

260 5022 555 5084 LneaaetJohannes
570 5022 677 5083 milites
695 5023 760 5082 illu·
803 5022 878 5082 stide
912 5030 942 5082 et
973 5023 1107 5083 Isocrate.
1171 5021 1306 5080 OLERI·

260 5104 362 5165 denae
387 5112 501 5165 aeetum
527 5104 654 5164 Domino
681 5105 764 5164 obtu·
804 5103 889 5163 GUS.

260 5184 763 5247 11111111ιῐ).1111111111ιωοω
