3250 6617
210 1249 307 1298 Iterum
313 1250 361 1297 dis

208 1316 265 1364 sidii
276 1321 359 1364 aucto·

209 1382 311 1430 ribusm
287 1397 340 1429 m-o

373 1045 438 1108 208
739 1047 770 1112 S
795 1047 1045 1114 CLEMENTIS

429 1213 521 1299 ΝΖ.
555 1218 747 1317 Υμεῖςς
706 1253 768 1298 ουν
797 1224 830 1299 οἱ
867 1217 933 1319 τὴν
964 1217 1172 1319 καταβολὴν
1201 1222 1289 1327 [τῆς]
1318 1217 1412 1299 στά-

371 1376 464 1429 σεως
500 1341 726 1445 ποιήσαντες,
766 1345 992 1498 ὑποτ[οἱγη]τε
1028 1354 1102 1434 τοῖς
1140 1346 1411 1451 πρεσβιπέροις,

208 1447 351 1496 (immet
372 1475 428 1552 καὶ
455 1471 689 1579 παῑ[δει)’]θητε
715 1479 762 1559 Εἷς
788 1475 987 1574 Μῗάνθιαν
1017 1473 1318 1584 κάμψανλπς]
1276 1511 1323 1556 τα
1346 1510 1412 1577 γο

373 1634 463 1681 νατα
479 1605 543 1700 τῆς
563 1601 750 1704 raptbe‘
732 1607 840 1702 υμῶν,
862 1600 989 1702 μάθετε
1014 1601 1341 1700 ιἰποτοὶσσεσθαι,’
1320 1638 1412 1684 απο-

372 1728 508 1828 θέμενοι
533 1726 599 1828 τὴν
625 1726 782 1831 ἀλάζονα
809 1732 868 1810 καὶ
895 1729 1120 1839 ἰοτερήφονον
1142 1735 1206 1829 τῆς
1232 1728 1446 1832 paduanos

371 1858 470 1957 ὑμῶν
487 1855 711 1963 αὑθᾶδ[ειαν]·
751 1857 893 1958 ἄμεινον
923 1860 995 1963 γάρ
1023 1859 1121 1939 ἐστιν
1154 1859 1236 1957 ὑμῖν
1268 1860 1329 1964 [ἐν]
1363 1863 1414 1966 τῷ

209 1513 351 1576 resipiscen-

209 1579 309 1627 tamin
283 1595 319 1626 m.

209 1643 300 1694 sulcat.

371 1985 522 2094 ποιμνίῳ
549 1995 612 2067 τοῦ
640 1991 803 2090 Χριστοῦ
828 1984 974 2092 μικροὺς
998 1990 1055 2067 καὶ
1080 1987 1296 2088 ἐλλογίμους
1316 1988 1412 2090 εὑρε-

372 2116 486 2213 θῆναι,
516 2111 539 2213 ἢ
567 2114 643 2194 καθ
670 2112 845 2220 ὑπεροήρν
865 2117 1055 2201 δοκοῦντας
1080 2118 1264 2222 ἐκριφῆναι
1287 2115 1325 2194 ἐκ
1350 2118 1412 2214 τῆς

416 2412 442 2450 2.
476 2398 529 2452 τοῖς
561 2390 769 2474 πρεσβυτίροις,]
814 2398 873 2452 Τοῖς
913 2392 1031 2470 ‘plures
1043 2390 1250 2468 inaequitas
1262 2389 1414 2468 utriusque

372 2477 556 2549 πρεσβυτέροις
574 2495 592 2532 a
608 2475 755 2534 Clemente
773 2483 873 2533 nostro
913 2472 1054 2533 ‘Ordinis
1069 2480 1205 2550 potestas,
1220 2492 1293 2549 quae
1312 2481 1415 2549 postea

372 2555 460 2614 etiam
474 2555 632 2634 Episcopus
649 2557 873 2629 adnumeratur,
913 2559 921 2587 ‘
935 2554 1027 2613 divisa
1039 2562 1091 2627 est,
1106 2554 1182 2613 inter
1195 2552 1360 2631 Episcopos,
1372 2553 1414 2613 sic

373 2637 441 2695 alibi
456 2638 540 2710 enim,
554 2658 577 2696 α
592 2657 638 2710 42,
655 2639 687 2697 B.
703 2639 789 2697 Pater
801 2657 872 2696 non·
913 2639 987 2694 ‘aar’
1008 2638 1101 2710 ἐξοχὴν
1118 2636 1218 2708 dictos,
1242 2642 1273 2694 et
1290 2634 1414 2713 Presby-

374 2718 428 2776 uisi
449 2719 485 2777 de
507 2719 657 2796 Episcopis
683 2728 713 2780 et
737 2719 874 2779 Diaeonis
914 2723 1021 2784 ‘teros
1048 2717 1166 2776 secundi
1194 2716 1312 2776 Ordinis
1346 2716 1414 2777 Pas·

373 2798 509 2876 loquitur,
540 2799 652 2859 omissis
686 2800 873 2878 Presbyteris.
914 2808 1020 2870 ‘tores
1034 2799 1139 2858 collata
1156 2804 1224 2857 erat
1268 2797 1326 2857 Sed
1345 2806 1414 2858 ante

374 2880 587 2940 HEFELIUS.
617 2881 786 2941 Guilielmus
800 2882 873 2940 Bur·
914 2880 1022 2940 ‘finem
1034 2880 1121 2957 primi
1140 2878 1254 2953 saeculi,
1267 2878 1341 2938 vivis
1360 2879 1414 2940 eti·

373 2969 425 3020 ton
446 2962 476 3019 in
496 2963 727 3022 adnotationibus
743 2963 873 3021 adhunc
914 2967 1053 3020 ‘amnum
1079 2961 1212 3020 Jobannc
1238 2967 1325 3038 atque
1348 2961 1414 3022 aliis

374 3043 469 3101 locum
492 3044 639 3104 contendit
662 3045 742 3102 nulla
762 3044 793 3101 in
820 3044 873 3102 hac
914 3044 1009 3103 ‘forts
1026 3042 1181 3119 Apostolis,
1199 3041 1235 3100 iis
1254 3042 1349 3100 visum
1369 3051 1415 3103 est

375 3125 506 3201 Epistola
534 3125 656 3184 inveniri
683 3124 873 3203 Episcopatus
914 3125 985 3184 ‘uui
999 3124 1129 3183 mandari
1147 3131 1320 3201 potestatem
1335 3124 1415 3182 ordi-

373 3206 525 3284 singularis
544 3207 673 3284 vestigia,
690 3207 769 3265 nulla
788 3227 873 3285 argu·
913 3206 1022 3265 ‘naudi
1043 3206 1236 3283 Presbyteros,
1258 3224 1362 3282 eosque
1383 3205 1415 3264 in

373 3295 472 3346 menta
485 3308 558 3365 quae
573 3289 762 3365 persuadeant
775 3289 873 3348 Eocle·
913 3288 1074 3347 ‘Senatum
1087 3287 1319 3346 Ecclesiasticum
1336 3286 1415 3346 adle-

373 3369 453 3440 siam,
473 3371 532 3429 sive
553 3370 720 3444 Romanam,
738 3371 798 3429 sivo
819 3370 874 3429 Co
915 3371 1045 3447 ‘gendi3
1076 3369 1195 3428 cacteris
1218 3388 1286 3427 vcro
1314 3367 1414 3427 Sacra

373 3451 519 3524 rinthiam,
541 3451 597 3509 alio
620 3452 759 3530 regimine
782 3472 872 3524 usam,
915 3456 1099 3510 ‘mentorum
1136 3449 1415 3509 administrationem

373 3553 408 3590 eo
422 3539 551 3609 tempore
566 3553 622 3610 quo
636 3534 742 3611 scripta
753 3534 873 3611 estEpi·
915 3541 966 3591 ‘et
993 3533 1049 3591 alia
1075 3533 1105 3589 id
1132 3551 1230 3609 genus.
1278 3530 1335 3590 Sed
1362 3551 1416 3590 cur

373 3614 455 3685 stola,
469 3633 556 3692 quam
575 3615 703 3692 plurium
723 3616 872 3692 Presbyte
914 3620 1080 3673 ‘mutatum
1093 3622 1137 3672 est
1138 3613 1275 3690 ,inquies
1284 3613 1415 3690 regimen

372 3716 478 3754 rorum.
515 3697 610 3754 Cui
588 3717 629 3755 sic
642 3697 796 3774 respondet
810 3697 874 3755 Cle·
914 3695 1007 3753 ‘illud
1029 3695 1109 3772 prius
1125 3695 1333 3772 Apostolieum,
1355 3715 1415 3772 quo

373 3777 456 3850 ricus,
468 3778 517 3837 81
528 3798 585 3836 non
595 3779 686 3856 possit
694 3798 732 3837 ex
741 3778 795 3836 hac
806 3779 874 3854 Epi·
914 3776 1414 3855 ‘pariauctoritateEcelcsiaeprae-

373 3859 469 3918 ‘stola
490 3860 605 3936 probari
628 3860 766 3937 regimen,
791 3860 874 3937 quale
914 3864 1018 3917 ‘crant
1032 3859 1172 3928 Pastorea,
1186 3857 1289 3934 quibus
1307 3858 1416 3918 utrius·

373 3945 438 4000 ‘cst
461 3941 547 3999 hodie
568 3941 622 4000 sub
644 3961 703 4001 uno
723 3942 922 4018 Ερίεοορο,ί
937 3961 992 4018 que
1013 3939 1138 4011 Ordinis,
1160 3939 1208 4016 qui
1229 3946 1330 4016 postea
1348 3939 1414 4008 fuit,

376 4022 476 4080 ‘nullo
497 4022 564 4080 hinc
588 4023 674 4082 etiam
696 4023 791 4095 modo,
811 4023 874 4099 plu·
916 4028 1065 4099 ‘potestas
1088 4021 1191 4079 collata
1212 4020 1327 4079 flierati
1358 4020 1415 4080 Ea·

375 4104 473 4161 ‘rium
501 4104 744 4181 Presbyterorum,
777 4104 875 4181 quales
916 4108 925 4135 ‘
937 4104 1012 4176 dam,
1034 4102 1179 4175 nimirum,
1201 4102 1238 4160 de
1261 4121 1354 4175 caiisa,
1377 4104 1415 4162 ob

376 4185 512 4244 ‘fuerunt
538 4192 638 4261 postea
671 4185 788 4244 secundi
819 4186 873 4243 Or·
915 4189 1022 4262 ‘quam
1042 4185 1078 4242 ad
1096 4183 1252 4242 Ecclesium
1269 4183 1416 4243 Corinthi-

375 4266 471 4324 ‘dinis
496 4267 636 4336 Fautores,
660 4266 788 4344 rem'men
810 4274 873 4325 tum
915 4271 983 4324 ‘am
1002 4266 1117 4342 scripsit
1130 4266 1281 4338 Clemens3
1302 4285 1414 4342 nempe,

375 4348 482 4406 ‘fuisse
495 4348 660 4406 institutum
674 4348 771 4425 liquet
815 4349 873 4406 Sed
913 4348 1089 4406 ‘divisiones
1109 4354 1139 4406 et
1155 4347 1299 4406 contraria
1318 4347 1416 4407 studia

375 4430 445 4506 ‘qui
461 4429 590 4488 Burtouo
607 4430 744 4488 favebunt
757 4450 873 4507 respon·
913 4430 1090 4489 ‘Rectorum
1127 4428 1328 4500 Ecclesiarum,
1364 4429 1415 4506 qui

375 4511 513 4581 ‘debunt
536 4510 662 4587 plurium
690 4511 873 4588 Presbytero-
913 4511 1011 4570 ‘iuter
1030 4530 1060 4568 se
1076 4509 1261 4581 dissidebant,
1275 4515 1306 4569 et
1319 4510 1416 4570 Plebis

373 4600 461 4650 ‘rum
474 4592 521 4650 bic
541 4593 716 4651 mentionem
730 4592 800 4665 fieri,
815 4612 872 4651 non
914 4592 1023 4651 ‘etiam
1050 4611 1115 4649 cum
1147 4592 1206 4650 suis
1233 4591 1412 4651 Rectoribus

374 4674 480 4732 ‘unius
509 4674 651 4751 Episcopi
715 4675 772 4733 Sed
806 4682 873 4733 ante
914 4674 1016 4731 ‘Haec
1024 4673 1080 4732 fuit
1089 4674 1151 4750 jam
1159 4673 1229 4731 olim
1240 4672 1413 4750 Hieronymi

374 4755 492 4814 ‘omnia
514 4756 669 4820 sciendum,
688 4756 804 4814 uomina
825 4756 874 4813 illa
914 4755 1085 4823 ‘sententia
1100 4754 1130 4811 in
1149 4753 1311 4814 comment.
1327 4773 1388 4832 cap.
1404 4754 1413 4811 i

374 4837 531 4914 ‘Episcopi
563 4845 593 4896 ct
620 4838 782 4914 Presbyteri
809 4856 873 4915 per·
914 4837 1027 4914 ‘Epist
1040 4835 1414 4913 adTitum“Diligenter,”

374 4918 481 4976 ‘arista
508 4918 616 4991 fuisse5
647 4927 733 4996 atquc
759 4920 789 4977 in
816 4939 873 4977 uua
914 4919 1038 4995 ‘iuquit
1072 4923 1089 4950 “
1103 4919 1190 4976 verba
1225 4917 1415 4976 adtendamus

374 4999 531 5070 ‘Ecclesia
555 5000 656 5077 primis
683 5000 739 5058 illis
762 5009 873 5077 tempo·
914 5000 1064 5065 ‘dicentis
1078 5009 1113 5057 ot
1131 4999 1289 5058 ommtitaaa
1304 5019 1359 5075 pas·
1375 5000 1415 5057 ci·

374 5080 483 5146 ‘ribus
508 5081 533 5139 si
561 5082 629 5140 urbs
659 5100 763 5158 magna
789 5090 872 5147 esset,
914 5082 1036 5140 ‘satam
1060 5081 1247 5157 Pmoymcs,
1271 5080 1346 5138 τίαιε
1364 5101 1415 5156 syo

374 5163 487 5237 ‘qualis
514 5164 607 5220 Roma
634 5172 684 5221 aut
708 5163 872 5230 Corinthus,
913 5163 987 5222 ‘tibi
1021 5163 1158 5238 dispositi.
1222 5162 1288 5236 Qui,
1322 5161 1415 5239 qualis
