3250 6617
359 1113 424 1175 224
636 1111 875 1177 CO'PELERII
898 1112 1126 1177 JUDICIUM

360 1280 383 1312 “
397 1273 478 1337 sicut
493 1274 627 1339 Judacos
642 1275 728 1340 Deus
742 1277 844 1341 salvos
858 1300 924 1341 esse
939 1277 1049 1356 voluit,
1065 1277 1142 1340 dans
1157 1275 1201 1340 eis
1217 1276 1402 1361 Prophetas,

360 1391 382 1423 “
396 1383 443 1447 ita
457 1384 552 1448 etiam
567 1386 757 1451 Graecorum
771 1388 1015 1472 probatissimos,
1030 1387 1169 1471 proprios
1186 1409 1259 1451 suae
1273 1387 1404 1472 linguae

361 1504 383 1536 ‘¹
397 1497 568 1582 Prophetas
597 1500 747 1579 excitans,
776 1508 870 1586 prout
898 1506 1044 1585 poterant
1072 1522 1180 1584 capere
1209 1499 1269 1564 Dei
1305 1500 1403 1566 bene·

361 1616 383 1646 “
397 1609 599 1688 licentiam,a
619 1611 735 1677 vilibus
755 1613 999 1697 vulgaribusque
1024 1611 1202 1677 hominibus
1224 1613 1402 1692 secreverit,

361 1718 566 1783 “declarabit
593 1727 716 1805 praeter
745 1723 832 1787 Petri
860 1721 1122 1807 praedicationem
1151 1722 1205 1807 qui
1234 1723 1293 1788 hoc
1322 1723 1403 1788 dicit

361 1827 569 1911 “Apostolus
602 1830 740 1895 Paulus:
786 1829 898 1895 Libros
934 1852 1056 1914 quoque
1092 1830 1227 1894 Graecos
1262 1831 1401 1895 sumite:

360 1946 382 1979 “
396 1940 557 2022 agnoscite
579 1941 742 2026 Sibyllam,
763 1965 824 2027 quo
845 1942 937 2006 modo
960 1964 1060 2004 unum
1079 1941 1184 2005 Deum
1209 1941 1402 2020 manifestet,

360 2061 382 2091 “
396 2060 429 2116 et
454 2075 591 2139 eaquae
614 2054 721 2118 futura
746 2060 839 2118 sunt:
876 2060 1038 2138 sumptum
1063 2054 1159 2118 etiam
1184 2053 1402 2139 Hystaspems

360 2174 381 2203 “
396 2164 503 2249 legite,
519 2172 551 2230 ct
565 2166 731 2231 invenietis
747 2166 807 2230 Dei
823 2166 938 2230 Filium
954 2168 1054 2232 multo
1072 2167 1185 2231 clarius
1202 2166 1403 2252 apertiusque

360 2283 461 2340 “esse
490 2277 652 2360 scriptum,
685 2283 783 2362 utque
811 2277 905 2340 multi
936 2300 1025 2362 reges
1060 2278 1207 2342 adversus
1235 2277 1400 2342 Christum

360 2387 494 2451 “aciem
516 2386 683 2465 instruent,
705 2387 775 2451 odio
798 2387 949 2450 habentes
966 2392 1037 2450 tum
1059 2387 1159 2464 illum,
1179 2393 1251 2450 tum
1271 2409 1324 2452 eos
1345 2386 1401 2472 qui

359 2507 381 2538 “
397 2520 510 2562 nomen
528 2500 593 2582 ejus
610 2504 748 2582 gestant,
764 2504 797 2562 et
819 2500 884 2582 ejus
905 2497 1021 2576 fideles,
1036 2498 1180 2584 illiusque
1198 2499 1402 2564 tolerantiam

359 2616 380 2646 “
396 2613 490 2691 atque
518 2608 699 2671 adventum.
745 2608 867 2672 Deinde
893 2632 955 2672 uno
979 2609 1084 2686 verbo,
1107 2632 1162 2675 seu
1183 2632 1247 2673 una
1267 2609 1400 2687 ratione,

360 2728 381 2760 “
396 2742 453 2784 nos
477 2719 669 2803 iuterrogat;
704 2725 791 2784 totus
812 2726 919 2784 autem
941 2719 1087 2798 mundus,
1111 2727 1144 2784 et
1166 2742 1245 2804 quae
1268 2720 1401 2784 suntin

360 2839 382 2871 “
397 2831 525 2908 mund0,
549 2833 636 2916 cujus
659 2833 758 2896 sunt?
783 2832 898 2896 Nonne
924 2831 1036 2895 Dei?'’
1068 2831 1121 2895 Sic
1143 2831 1271 2915 pulchre
1293 2832 1401 2896 omnia

360 2941 420 3004 sibi
443 2947 600 3018 coustant,
620 2942 710 3006 aliter
732 2941 938 3026 impeditiora.
983 2941 1074 3005 Adde
1095 2941 1178 3025 quod
1197 2941 1253 3005 vix
1274 2941 1310 3005 in
1331 2947 1401 3007 toto

360 3050 521 3114 Clemente
550 3051 691 3115 invenias
723 3051 840 3136 aliquid
866 3051 1048 3136 Apocryphi
1076 3051 1244 3134 prolatum,
1272 3052 1401 3116 nomine

360 3162 515 3226 duntaxat
529 3162 674 3241 auctoris,
690 3185 752 3226 non
773 3163 942 3246 praemisso
960 3162 1060 3247 operis
1075 3161 1180 3240 titulo,
1196 3184 1260 3225 uon
1278 3162 1400 3247 adjecta

359 3271 496 3335 dictione
519 3295 596 3356 quae
618 3273 709 3357 quale
730 3273 772 3336 sit
794 3273 946 3357 scriptum
969 3272 1112 3336 declaret.
1167 3272 1309 3356 Legitur
1330 3279 1400 3338 tota

360 3383 564 3446 Alexandrini
588 3383 777 3468 disputatio:
808 3384 985 3448 conferatur
1004 3405 1077 3447 cum
1093 3383 1132 3446 iis
1153 3406 1232 3468 quae
1254 3382 1288 3446 in
1309 3384 1401 3447 Stro-

360 3502 463 3559 mateo
492 3496 503 3558 i
532 3496 674 3560 edisserit
702 3496 741 3560 de
768 3496 957 3561 Graecorum
981 3495 1191 3580 sapientibus,
1217 3497 1399 3580 praesertim

359 3629 432 3691 pag.
451 3627 523 3693 299,
540 3607 596 3670 ubi
617 3608 719 3671 locum
740 3607 899 3691 Epistolae
920 3607 959 3670 ad
979 3607 1086 3669 'litum
1108 3605 1253 3670 adducit:
1276 3606 1401 3671 confido

360 3717 435 3794 l'ore,
462 3723 498 3780 ut
527 3740 596 3781 mea
625 3741 688 3782 non
718 3718 912 3801 improbetur
934 3717 1160 3800 interpretatio.
1205 3716 1297 3779 Nihil
1322 3738 1401 3802 ergo

360 3830 543 3914 adjuvamur
566 3832 625 3894 hoc
648 3831 839 3909 testimonio,
860 3832 899 3895 ad
922 3831 1178 3915 investigandum
1198 3831 1280 3916 quod
1305 3855 1401 3917 quae·

360 3940 457 4003 rimus
479 3947 613 4025 tempus.
660 3942 733 4005 Jam
749 3965 821 4006 vero
840 3942 865 4005 si
886 3950 999 4026 agatur
1019 3943 1057 4006 de
1078 3942 1304 4026 Sibyllinorum
1322 3942 1401 4007 Car·

360 4051 482 4114 minum
498 4052 646 4136 Syllogeh
662 4076 724 4136 qua
738 4053 831 4117 bodie
845 4053 975 4131 utimur,
990 4076 1046 4137 pro
1064 4060 1148 4118 certo
1168 4053 1275 4117 haberi
1295 4053 1401 4132 debet,

395 4234 470 4287 &De
491 4233 623 4304 Hystaspe
642 4234 797 4288 consulendi
819 4245 882 4290 sunt
902 4237 1059 4290 Ammianus
1084 4235 1263 4300 Marcellinus,
1284 4235 1349 4289 xxiii
1372 4218 1399 4299 d,

360 4340 385 4392 p.
399 4336 451 4392 374
467 4320 509 4375 cd.
523 4322 610 4377 Vales.
624 4322 759 4393 Agathias,
771 4324 790 4376 ii
803 4340 845 4389 24,
859 4341 884 4393 p.
896 4338 944 4392 117
957 4322 999 4377 ed.
1009 4321 1140 4377 Niebuhr.
1160 4321 1321 4385 Lactamms,
1336 4321 1401 4377 Div.

361 4411 427 4464 lust.
442 4409 476 4462 vii
495 4410 583 4478 15,18,
596 4419 660 4463 tom.
673 4409 691 4472 i,
704 4428 748 4480 pp.
762 4412 824 4477 562,
837 4410 898 4481 567,
911 4410 962 4481 699
981 4410 1023 4464 ed.
1038 4410 1074 4463 Le
1088 4410 1161 4464 Brun
1174 4419 1200 4463 et
1212 4410 1259 4464 Du
1272 4409 1399 4483 sranoy.

393 4494 408 4533 ¹¹
428 4495 551 4550 Cannina
570 4495 698 4567 Sibyllina
715 4496 795 4551 habes
813 4498 842 4551 in
861 4497 992 4552 Gallandii
1007 4495 1132 4551 Biblioth.
1146 4496 1235 4550 Parii
1252 4515 1297 4566 pp.
1310 4512 1398 4568 335-

359 4602 419 4650 410‚
433 4584 530 4654 quibus
543 4602 614 4638 nunc
627 4585 736 4639 accessit
748 4585 813 4641 liber
825 4604 920 4648 novus,
933 4594 1043 4656 quartus
1056 4584 1182 4645 decimus,
1196 4583 1262 4638 Maii
1279 4584 1370 4640 studio
1384 4605 1399 4641 s

359 4672 440 4727 Msto
452 4682 551 4735 erutus,
564 4673 685 4744 typisque
698 4691 811 4728 excusus
825 4672 970 4727 Mediolani
985 4673 1062 4743 1817.
1103 4672 1182 4726 l’lura
1200 4671 1222 4724 si
1237 4671 1338 4742 cupias,
1356 4673 1398 4729 adi

360 4759 459 4814 Blcekii
472 4759 674 4829 disputationem
692 4760 773 4814 Ucber
784 4761 827 4813 die
838 4760 1000 4829 Entstebunp
1013 4759 1067 4813 and
1077 4760 1335 4829 Zurammenseizuny
1352 4761 1399 4814 der

358 4867 407 4901 une
425 4850 452 4900 in
473 4849 533 4900 acii
551 4848 670 4900 Biiclero
687 4848 846 4901 Erlultrnen
866 4847 1013 4916 Sammlunq
1032 4846 1229 4917 Sibyllioieclier
1249 4846 1353 4910 Orokei,
1370 4847 1396 4901 in

359 4935 526 5005 Ephemen'di
538 4935 705 5004 Theologica,
719 4934 834 4989 Berolin.
851 4935 926 5006 1819.
942 4935 1030 4989 fascic.
1047 4953 1056 4988 1
1072 4945 1097 4989 et
1112 4952 1141 4998 23
1152 4933 1397 5006 'l'horlacii-disqui-

359 5024 489 5085 altionem,
502 5040 569 5093 quae
588 5022 746 5084 inscribitur,
760 5023 837 5075 Libri
855 5023 1048 5092 Sibyllinorum
1065 5023 1158 5076 veteris
1170 5022 1312 5084 Ecclesiae,
1325 5022 1396 5084 crisi,

358 5116 482 5179 quatenus
500 5115 657 5161 monumenta
678 5108 827 5161 Christiano
843 5116 910 5171 mni,
929 5110 1045 5179 subjecti,
1065 5108 1283 5176 llafniae,1815;
1303 5117 1329 5160 et
1342 5107 1396 5161 llx-

358 5214 452 5251 cursus
471 5214 537 5267 quos
560 5195 591 5248 ad
609 5195 701 5249 Libros
725 5196 867 5267 Sibyllinos
885 5198 995 5269 subjecit
1014 5198 1124 5253 Carolus
1142 5194 1298 5258 Alexandra,
1312 5195 1396 5250 Paris.

361 5283 434 5354 1856.
