3250 6617
409 1045 473 1111 164
774 1048 804 1110 S.
831 1043 1080 1110 CLEMENTIS

243 1252 357 1316 suodeji·
407 1218 591 1321 γήσαντας
618 1219 807 1317 ἀμέμπτως
834 1221 886 1323 τῷ
909 1216 1059 1323 ποιμνίῳ
1084 1224 1147 1296 τοῦ
1170 1221 1334 1316 Χριστοῦ
1360 1213 1448 1314 μετά

243 1318 387 1368 corenam.
407 1345 745 1453 ταπεινοφροσύνης,
767 1343 912 1450 ἡσύχως
938 1345 997 1423 καὶ
1021 1342 1248 1441 ἀβαναιίσως,
1269 1377 1448 1446 μεμαρτυ·

406 1472 576 1577 ρημίνους
607 1508 643 1552 τε
674 1480 828 1557 πολλοῖς
859 1469 998 1576 χρόνοις
1028 1469 1098 1552 ὑπὸ
1120 1468 1278 1569 πάντων,
1305 1470 1450 1559 τούτους

409 1603 450 1680 οὐ
477 1602 616 1685 δικαίως
644 1598 826 1701 νομίζομεν
853 1599 1104 1690 ἀποβαλέσθαι
1130 1602 1194 1698 τῆς
1219 1602 1449 1704 λειτουργίας.

408 1731 583 1833 Ἀμαρτία
611 1727 682 1832 γάρ
709 1730 750 1807 οὐ
777 1725 886 1829 μακρὰ
910 1727 991 1826 ἡμῖν
1008 1727 1122 1824 ἔσται,
1141 1726 1202 1806 ε’ἀν
1225 1727 1308 1813 τοὺς
1336 1728 1491 1828 ἀμάς-5

409 1892 506 1942 πτως
533 1860 590 1936 καὶ
618 1858 726 1941 ὁσίως
749 1852 1054 1959 προσενεγκόισας
1079 1853 1125 1934 τὰ
1154 1859 1263 1959 δῶρα,
1287 1860 1353 1956 τῆς
1375 1858 1448 1938 ε’πι-

410 1988 550 2084 σκοπῆς
568 1981 820 2082 ἀποβάλωμεν.
871 1979 1050 2086 Μακάρωι
1069 1987 1101 2062 οἱ
1119 1983 1449 2088 πμοοδοιπορὴσαν·

409 2147 464 2198 τες
487 2110 733 2217 πρεσβύτεροι,
755 2111 876 2196 οἵτινες
903 2109 1081 2214 ἔγκαρπον
1107 2115 1166 2191 καὶ
1185 2112 1323 2192 τελείαν
1343 2112 1452 2219 ἔσχον

410 2239 475 2339 τὴν
508 2238 694 2320 ἀνάλυσιν·
723 2242 764 2319 ori
797 2237 869 2343 γὰρ
900 2239 1133 2332 εὐλαβοῦνται
1165 2240 1215 2341 μή
1244 2275 1298 2326 τις
1327 2238 1452 2326 αὐτοὺς

410 2367 621 2473 μεταστήσῃ
639 2367 710 2450 ἀπὸ
727 2377 791 2448 τοῦ
811 2368 993 2470 ἱδρυμένου
1017 2368 1135 2452 αὐτοῖς
1150 2366 1274 2449 τάπου.
1332 2370 1450 2473 Ὀρῶ-
1464 2408 1490 2446 ιο

413 2611 558 2669 Divinitus
578 2630 637 2669 esse
655 2631 672 2667 a
689 2611 759 2682 Deo,
782 2609 910 2669 Christo·
952 2627 1025 2683 quse
1049 2608 1152 2668 camini
1175 2618 1204 2670 et
1228 2611 1303 2690 ignis
1327 2614 1452 2674 subsidio

412 2712 467 2769 que
487 2692 549 2768 ipso
568 2711 625 2750 non
643 2712 723 2750 secus
742 2712 775 2750 ae
793 2693 913 2762 ἐξουσίαν
952 2709 1039 2766 opera
1066 2690 1219 2752 conficiunt
1230 2714 1240 2766 3
1274 2702 1362 2773 atque
1388 2696 1453 2756 inda

412 2773 608 2850 Apostolicarn
621 2774 735 2838 datam
758 2770 912 2831 ‘deCleri-
952 2770 989 2828 ad
1012 2773 1153 2849 quaslibet
1174 2775 1354 2836 mechanicas
1379 2786 1454 2839 artes

413 2863 534 2913 ‘corum
560 2875 650 2931 paene
677 2854 805 2913 omnium
832 2853 913 2912 testi-
952 2853 1092 2913 translata
1111 2863 1163 2913 est.
1205 2856 1292 2916 Unde
1312 2858 1454 2937 Hierony·

414 2936 540 3008 ‘monio‚
554 2946 584 2994 et
602 2935 637 2993 de
659 2936 844 2995 Sacerdotem
863 2955 913 2993 an·
953 2935 1051 3007 mus‚I
1062 2944 1161 2995 eontra
1175 2936 1352 3016 Pelagianos,
1365 2939 1395 3016 [5
1409 2960 1454 3015 τι,

414 3017 912 3094 ‘tiquorumscbonorumvirorum
953 3015 974 3073 ii
1003 3036 1030 3092 p.
1056 3031 1112 3091 702
1143 3019 1186 3077 ed
1212 3019 1348 3096 Vallara]
1380 3030 1456 3083 aras

415 3099 563 3175 ‘collegio’
600 3099 717 3156 denotat
751 3118 912 3157 consessum
954 3117 1053 3156 omnes
1079 3119 1248 3173 memorans,
1272 3102 1455 3163 nominatim·

415 3180 609 3238 Romanorum
631 3180 819 3252 sacerdotum,
844 3200 915 3257 quo·
955 3199 1010 3255 que
1052 3179 1285 3255 Grammaticam‚
1324 3184 1456 3245 Rhetori-

415 3282 478 3319 rum
513 3261 567 3320 fuit
595 3261 766 3338 Episcopum
801 3262 913 3339 eligere,
956 3280 1027 3331 eam,
1045 3260 1257 3340 Philosophiam
1276 3265 1403 3345 aliasque
1423 3265 1456 3326 li·

415 3342 537 3420 fideique
553 3344 613 3419 ejus
632 3342 807 3401 orthodoxae
827 3343 911 3402 etin·
956 3343 1065 3401 berales
1091 3364 1247 3418 recensens,
1271 3347 1457 3424 praemittit3

415 3424 535 3500 culpatis
557 3423 683 3482 moribus
702 3426 838 3502 praehere
858 3433 913 3483 tes-
958 3428 965 3454 ‘
981 3423 1024 3483 Ut
1037 3431 1147 3483 taceam
1160 3426 1196 3485 de
1209 3427 1255 3485 his
1270 3448 1342 3506 quas
1356 3429 1457 3489 Graeci

415 3506 567 3564 timonium
582 3526 589 3577 ;
612 3506 727 3583 ‘populi
741 3505 914 3583 suffragium'
958 3510 965 3536 ‘
978 3507 1123 3572 βαναύσους
1132 3515 1244 3581 vocant,
1255 3530 1308 3570 uos
1322 3511 1359 3570 ad
1371 3532 1458 3589 opera

415 3588 492 3645 idem
513 3595 564 3655 est,
578 3588 655 3664 quod
676 3588 831 3646 Clementis
853 3613 914 3644 συν-
958 3592 1116 3646 ‘manuum
1137 3590 1281 3665 pertinere
1307 3612 1459 3668 possumus

417 3672 589 3740 ευδοκησάοης
616 3674 660 3740 τῆς
687 3671 828 3740 ἐκκλησίας.
880 3668 916 3726 In
957 3668 1089 3727 ‘dicere'
1130 3670 1283 3731 Veteribus
1296 3682 1395 3733 autem
1408 3674 1459 3733 hu·

416 3751 472 3807 alia
506 3751 635 3826 Epistola
667 3751 809 3827 legimus:
848 3751 914 3826 [Ep.
953 3750 1079 3826 jusmodi
1103 3753 1226 3812 artifices
1247 3755 1284 3812 ab
1302 3754 1459 3815 honoribus

417 3831 505 3889 lxviii.
530 3852 556 3907 p.
585 3834 666 3906 292.]
685 3833 750 3908 ‘qui
774 3832 917 3909 Episcopo
957 3831 1101 3890 secludere
1135 3834 1250 3893 solenne
1284 3845 1356 3897 erat.
1420 3837 1460 3896 Aa

418 3924 425 3946 ⁴
441 3914 574 3971 Cornelio
586 3913 615 3971 in
630 3913 778 3972 Catholiea
791 3913 918 3971 Ecclesia
959 3913 1150 3972 ministerium
1170 3915 1217 3974 hic
1235 3918 1460 3991 commendatur,

420 3995 477 4052 ‘dc
500 3995 554 4052 Dei
578 3994 695 4070 judicio,
721 3995 756 4053 de
781 3994 859 4052 Cleri
886 4014 919 4052 ac
959 3995 1036 4072 quod
1053 4016 1112 4053 non
1132 3997 1170 4054 sit
1185 3997 1350 4075 hujusmodi
1371 4000 1461 4060 illibe-

421 4075 536 4133 ‘Plebis
550 4074 683 4153 suffmgio
698 4076 837 4149 ordinato,
852 4096 918 4152 pro·
960 4076 1025 4134 rsle.
1058 4076 1194 4136 COUST.
1238 4079 1345 4140 Confer
1366 4081 1461 4141 locum

421 4157 539 4214 ‘fanum
556 4158 644 4215 altare
664 4157 780 4235 erigere,
795 4165 825 4215 et
838 4158 917 4214 adul·
960 4157 1041 4215 illum
1055 4159 1195 4236 insignem
1210 4160 1367 4223 Clementia
1377 4162 1460 4223 Alex

422 4244 534 4296 ‘teram
548 4238 711 4297 cathedram
731 4238 877 4311 collocare,
891 4247 920 4298 et
962 4239 1077 4299 Cohort.
1092 4242 1129 4298 ad
1147 4242 1263 4311 Gentes,
1279 4243 1295 4320 §
1313 4262 1359 4318 ιο,
1380 4264 1408 4323 p.
1425 4248 1461 4321 78

422 4320 579 4397 ‘sacrilega
592 4327 691 4378 contra
704 4340 803 4378 verum
822 4321 919 4379 Sacer·
961 4321 1004 4379 ed.
1031 4322 1137 4381 Potter.
1168 4327 1268 4383 Φειδίας
1294 4328 1365 4395 ὑμῖν
1385 4330 1463 4385 καὶὸ

422 4401 541 4459 ‘dotem
568 4402 703 4460 sacrificia
731 4402 831 4460 offerre
857 4410 920 4460 ten·
961 4404 1133 4462 Πολύκλειτος
1159 4406 1277 4475 ἡκόντων,
1300 4410 1463 4482 Πραξπίλης

423 4483 566 4541 ‘laverit’
611 4482 692 4541 Adeo
717 4502 805 4560 prope
827 4484 863 4541 ad
887 4484 918 4541 B.
961 4508 988 4539 τε
1007 4485 1039 4540 οὗ
1060 4490 1100 4541 καὶ
1119 4485 1254 4558 Ἀπελλῆς,
1276 4491 1315 4544 ml
1339 4490 1399 4547 ὅσοι
1419 4494 1464 4549 τὰς

422 4565 600 4623 Clementem
623 4565 732 4623 accedit
754 4564 920 4642 Cyprianus.
962 4567 1106 4631 βαναύσους
1126 4569 1288 4641 μετέρχονται
1305 4571 1405 4645 τέχνας,
1419 4572 1463 4646 pir

423 4645 542 4703 WOTT.
962 4656 1008 4702 ῖνοι
1021 4652 1068 4721 γῆς
1081 4650 1151 4706 ὄντες
1165 4651 1274 4724 ἐργάται

463 4728 499 4785 ib.
523 4729 751 4802 λειτουργῆσαντας
775 4723 920 4807 ἀμέμπτως]
1003 4728 1040 4785 ib.
1055 4727 1299 4812 pepuprvpppe'rovr]
1315 4732 1387 4791 cod
1401 4732 1461 4793 MS.

424 4809 567 4874 irenaeus,
586 4809 699 4886 Fragm.
715 4808 735 4865 ii
751 4817 823 4866 extr.
846 4832 921 4864 πνευ-
964 4820 1306 4871 ΜΕΜΑΡΙῪΡΗΜΕΝΟΙΣ.

422 4898 530 4963 ματικῶς
542 4896 753 4965 λειτουργοῦντες.
784 4891 826 4947 ed.
844 4888 920 4947 Piuff.
1005 4893 1031 4948 6.
1057 4895 1089 4947 τὰ
1107 4889 1186 4972 δῶρα]
1212 4892 1309 4953 Nimia
1329 4895 1465 4955 audacter

423 4993 449 5048 p.
469 4985 513 5046 27.
963 4973 1131 5048 pronuntiat
1147 4974 1307 5034 Bernardus
1321 4978 1464 5037 neminem

467 5072 490 5109 2.
523 5054 686 5127 ὀβαναύσως]
721 5052 786 5111 Vox
815 5053 923 5111 Graeea
963 5061 1093 5112 veterum
1106 5054 1148 5112 ita
1160 5055 1221 5114 sine
1234 5057 1347 5136 adjecto
1357 5058 1464 5138 simpli·

424 5135 552 5197 βάναυσος
570 5134 605 5191 de
628 5134 663 5190 iis
683 5135 792 5193 crtihua
809 5135 922 5206 dicitur,
964 5135 1035 5195 citer
1048 5137 1175 5194 locutum
1190 5156 1257 5197 esse
1289 5139 1463 5218 Ignatiusin
