3250 6617
612 1122 668 1185 11
690 1088 1027 1185 FORMULARUM.
1326 1129 1389 1191 115

288 1287 414 1343 τυθῶσιν.
431 1284 519 1345 010111.
537 1287 552 1344 I
571 1307 614 1344 12.
657 1292 708 1363 πρὸ
723 1294 800 1361 τριῶν
840 1295 995 1364 Συμφαγεῖν.
1034 1295 1105 1347 Μετὰ
1130 1295 1157 1349 δι’
1180 1296 1226 1363 την
1248 1295 1389 1350 ἀνάστασιν

289 1366 388 1438 ἡμερῶν
421 1373 468 1424 τοῦ
502 1371 683 1443 συλληφθῆναι
711 1372 796 1426 αθτάν.
879 1373 1129 1446 συνίφσγεναίποῖς.
1152 1375 1214 1451 Ign.
1230 1373 1343 1451 Smyrn.
1360 1393 1386 1449 3.

289 1444 374 1505 Mart.
413 1447 508 1524 Polyc.
545 1465 571 1523 5.
625 1455 798 1517 συνελάβοντο
839 1454 989 1526 Συμφίρειν.
1024 1456 1050 1510 τί
1068 1479 1111 1526 μοι
1132 1458 1259 1529 συμφέρει
1280 1460 1329 1530 ε’γά
1347 1481 1388 1529 γι-

287 1531 408 1602 παιδάρια
432 1531 484 1588 δύο.
513 1533 538 1588 6.
574 1537 619 1587 τοῦ
643 1535 796 1606 συλληφθη·
878 1538 976 1590 νάισιεευ.
1009 1535 1073 1612 lgn.
1090 1537 1171 1594 Rom.
1187 1550 1213 1609 5.
1249 1538 1390 1610 Συνίφερεν

288 1632 327 1664 ναι
348 1615 464 1667 τοιοῦτον
484 1613 632 1685 πρεσβύτην
652 1617 737 1687 ἀνδρα.
769 1628 795 1687 7.
880 1617 907 1671 δι’
927 1619 1012 1675 αὐτοῖς
1031 1619 1140 1691 ἀγαπᾶν,
1155 1619 1195 1675 ἵνα
1215 1622 1256 1675 καὶ
1275 1621 1390 1675 ἀναστῶ-

287 1692 457 1756 ἀκουσάντευν,
472 1694 511 1749 ὅτι
528 1695 696 1768 Πολύκαρπος
714 1698 797 1752 συνεί·
879 1719 929 1752 σιν.
951 1697 1065 1774 Smyrn.
1082 1713 1108 1772 7.

288 1776 389 1842 ληπται.
426 1794 451 1847 9.
508 1776 666 1850 Συνειλήφθη
693 1779 720 1833 δι’
748 1779 797 1834 ὑπὸ
838 1782 967 1850 Συμφορά
1000 1783 1136 1853 συμφοράς
1155 1783 1194 1835 καὶ
1210 1784 1386 1853 περιστάσεις.

286 1854 410 1926 Ἡρώδου.
436 1873 483 1912 21.
879 1858 1001 1916 01111111
1020 1879 1043 1917 1.

247 1936 372 2008 Συλλσγὴ.
415 1938 456 1992 διὰ
469 1941 514 2008 τῆς
530 1943 660 2014 συλλογῆς
677 1944 723 1995 τοῦ
741 1943 794 1995 λει·
839 1938 985 2012 Σίμφωνος.
1013 1943 1189 2013 ε’ντῇάμονοίρ
1198 1944 1266 2010 ὑμῶν
1274 1945 1314 1998 καὶ
1322 1941 1388 2013 σύμ·

286 2019 382 2089 ψάνου.
405 2017 490 2076 Mart.
507 2019 569 2096 Ign.
586 2022 614 2077 6.
878 2025 957 2097 φώνφ
973 2022 1285 2100 ἀγάπη.1311.Ερ11.4.
1321 2024 1388 2096 ατίμ-

246 2100 400 2168 Συμβαίνειν.
430 2101 511 2159 καθὼς
523 2107 665 2174 φρονοῦσιν
677 2105 718 2157 καὶ
731 2126 796 2174 συμ-
879 2106 962 2175 φωνοι
989 2105 1058 2162 ὄντες
1080 2106 1107 2160 ἀν
1130 2107 1240 2176 ὁμονοίᾳ.
1269 2103 1308 2162 ib.
1348 2105 1389 2162 ’ίνα

286 2180 395 2248 βήσεται
418 2183 510 2240 αὐτοῖς.
544 2182 605 2258 Ign.
628 2184 741 2259 Smym.
767 2202 794 2241 2.
879 2187 961 2239 πάντα
975 2186 1110 2256 ε’νίνθτητι
1125 2186 1251 2259 σύμφωνα
1264 2183 1288 2257 ᾗ.
1313 2198 1338 2257 5.

287 2266 338 2315 τῶν
360 2266 464 2318 πώποτε
492 2268 693 2335 συμβεβηκότων
716 2266 793 2341 αὐτῷ.
839 2268 964 2337 Συνάγειν.
1012 2267 1039 2321 ε’ν
1065 2269 1167 2338 ὁμονοία
1198 2269 1240 2323 ε’π1
1270 2270 1300 2323 τὸ
1326 2269 1388 2323 αὖτὸ

287 2340 373 2400 Mart.
392 2343 486 2419 Polyc.
504 2346 530 2402 8.
877 2348 1051 2419 συναχθίντεε.
1088 2347 1177 2405 Clem.
1207 2347 1223 2405 I
1255 2366 1301 2421 34.
1353 2350 1388 2405 ὸς

247 2427 413 2494 Συμβαλλειν.
439 2430 586 2497 συμβάλετε
600 2428 703 2485 εἀυτοίνς
716 2426 794 2503 ξάληι.
877 2431 950 2483 πᾶσα
967 2432 1079 2501 γλῶσσα
1096 2429 1260 2486 πιστεύσασα
1274 2431 1309 2487 είς
1323 2431 1388 2485 θεὸν

288 2503 653 2581 Clem.123‚et1111.
695 2513 795 2578 συμβο-
877 2508 998 2581 ουνὴχθη.
1029 2508 1092 2585 Igu.
1118 2510 1213 2587 Magn.
1245 2529 1287 2568 ιο.
1325 2513 1387 2566 κατὰ

286 2589 374 2644 λάντες
400 2590 445 2646 τάς
472 2590 548 2662 ὄψεις
574 2595 625 2645 τῶν
654 2591 794 2664 ὀνειράτων.
876 2592 920 2645 τὸν
942 2593 1028 2663 καιρὸν
1048 2597 1094 2647 τοῦ
1116 2593 1253 2665 μαρτυρίου
1277 2596 1386 2665 συνσγθ·

288 2666 372 2727 Mart.
390 2669 452 2745 Ign.
470 2683 496 2742 7.
875 2694 953 2742 μενοι.
980 2671 1067 2731 Mart.
1088 2673 1150 2750 Igu.
1168 2691 1193 2746 7.
1229 2676 1385 2746 συναγαγόν-

246 2748 363 2820 Σάμβιος.
425 2756 478 2808 τοῖς
512 2753 631 2823 συμβίοις
664 2753 795 2825 ἀρκεῖσθαι
875 2775 926 2808 των
939 2755 966 2808 ίιε
983 2777 1011 2808 τε
1029 2761 1080 2810 τῶν
1095 2757 1274 2828 ἐργαστηρίων.
1299 2752 1384 2812 Mart.

286 2835 362 2904 σαρκὶ
375 2834 416 2887 καὶ
428 2832 555 2904 πνεύματι
578 2833 641 2910 Ign.
658 2833 753 2910 Polyc.
767 2850 792 2906 5.
878 2833 971 2910 Polyc.
992 2853 1037 2909 13.
1073 2839 1107 2894 ὡς
1120 2839 1224 2892 δυνατὸν
1237 2837 1295 2906 ἡμῖν
1308 2858 1385 2891 συνα-

285 2913 386 2986 ἀγαπᾶν
398 2916 443 2971 τὰς
453 2917 586 2986 συμβίους.
607 2913 645 2972 ib.
875 2920 999 2988 γομίνοις.
1016 2920 1061 2974 18.
1095 2920 1246 2991 συναγαγὼν
1258 2919 1386 2981 αὐτὰ...

246 2995 441 3064 Συμβουλεὺειν.
494 2999 532 3051 Οὐ
557 2996 645 3067 με’λλω
672 3002 754 3053 ποιεῖν
780 2997 795 3052 ὃ
875 2995 915 3053 ἵνα
928 2999 990 3068 κάμὲ
1005 3002 1135 3073 συναγάγῃ
1149 3003 1164 3054 ά
1179 2999 1278 3071 Κύριος.
1303 3015 1347 3055 22.

286 3076 477 3145 συμβουλεύετί
488 3101 538 3147 μοι.
557 3076 644 3135 Mart.
657 3077 752 3155 Polyc.
766 3081 793 3136 8.
837 3079 980 3152 Συναγωγή.
1008 3084 1043 3135 Τά
1057 3081 1130 3138 κύτος
1143 3084 1187 3150 τῆς
1200 3081 1387 3150 ...θαλάσσης

245 3158 409 3226 Συμβοῦλιον.
440 3159 599 3229 συμβούλιον
617 3161 720 3233 ἀγαγεῖν
739 3161 795 3217 θεο·
882 3163 1070 3217 ...συσταθίν
1096 3164 1132 3219 είς
1158 3163 1203 3218 τάς
1227 3164 1385 3235 συναγωγάς.

284 3238 467 3309 πρεπίστατον.
491 3238 554 3315 Ign.
567 3239 662 3314 Polyc.
680 3254 705 3314 7.
879 3239 967 3297 Cleln.
993 3240 1008 3296 1
1035 3260 1081 3298 2ο.
1123 3245 1280 3313 Πυενάτερον
1307 3265 1384 3298 συνα·

245 3320 415 3388 Συμμσθητίης.
448 3321 483 3374 ὧν
499 3321 597 3393 γίνοιτο
615 3319 753 3390 κα1“ίημάς.
767 3362 793 3377 ..
876 3324 958 3394 γευγαὶ
971 3322 1138 3394 γινίσθοσαν.
1161 3321 1223 3395 Igu.
1236 3320 1326 3397 Polyv.
1342 3344 1370 3393 4.

286 3401 450 3469 συμμαθητάς
471 3401 598 3473 γενέσθω.
630 3399 718 3459 Mart.
741 3400 795 3458 Po·
837 3405 981 3457 Συναθλεῖν.
1011 3407 1163 3475 Συγκοπιᾶτε
1177 3402 1307 3471 ἀλλήλοις.
1322 3426 1384 3458 συν·

285 3478 404 3555 lyc.17.
876 3484 984 3539 αθλεῖτε.
1021 3483 1082 3559 Igu.
1112 3482 1205 3557 Polyc.
1234 3485 1260 3538 6.
1305 3506 1383 3539 συνα-

245 3560 386 3633 Σάρμαχος.
425 3558 464 3619 οἷς
487 3563 526 3616 καὶ
549 3562 669 3633 χρώμεθα
692 3565 792 3633 συμμά-
875 3564 946 3617 θλεῖν
971 3568 1002 3632 τῇ
1030 3566 1106 3619 αὐτοῦ
1133 3564 1262 3635 προθέσει.
1298 3562 1383 3623 Mart.

284 3666 341 3714 χαις
348 3667 356 3705 ,·
378 3642 463 3700 Mart.
479 3641 541 3717 Igu.
560 3660 586 3699 2.
875 3642 937 3718 Igu.
955 3661 983 3715 3.

244 3723 403 3794 Συμμίστης.
432 3724 538 3779 Παύλου
551 3723 706 3793 συμμῦσται.
728 3724 791 3801 Ign.
834 3725 1052 3795 Συναθροίζισθαι.
1108 3726 1279 3796 συνηθροίσθη
1316 3727 1385 3782 πολὺ

285 3803 359 3881 Eph.
377 3824 421 3861 12.
873 3807 971 3875 πλῆθος
1004 3807 1133 3862 εἐλεκτῶν.
1179 3804 1270 3863 Clem.
1306 3806 1318 3864 l
1355 3810 1381 3865 6.

244 3891 419 3959 Συμπαρεῑναι.
456 3888 507 3956 ἅμα
526 3890 581 3944 ταῖς
601 3886 794 3960 συμπαροάσαιε
874 3887 927 3943 κατ’
948 3888 1051 3957 ε’νταλὴν
1072 3887 1289 3959 συναθροίζεσθαι.
1319 3888 1382 3966 Igu.

283 3992 327 4038 μοι
341 3969 492 4038 ἐκκλησίαις.
514 3967 575 4044 lgm
592 3966 676 4024 Trall.
694 3986 740 4025 21.
874 3967 970 4044 Magn.
988 3989 1013 4039 4.

243 4054 415 4122 Συμπάσχειν.
467 4054 631 4121 συμπάσχειν
669 4050 793 4120 ἀλλήλοις
833 4054 965 4106 Συναινεῖν.
998 4048 1022 4105 οί
1035 4053 1075 4105 καὶ
1088 4053 1140 4107 τοῖς
1153 4050 1308 4108 ἀποστόλοις
1321 4054 1382 4107 πάν-

283 4132 427 4204 ἀφείλομεν.
461 4129 549 4188 Clem.
574 4130 606 4187 Π
629 4151 656 4203 4.
698 4131 732 4187 Εἴ
755 4156 793 4190 τις
873 4155 931 4186 τοτε
945 4131 1092 4200 συνῄνεσαν.
1116 4131 1179 4207 Igu.
1194 4130 1267 4207 Eph.
1283 4150 1327 4189 11.

283 4214 396 4268 αι’ντὸνάν
409 4215 488 4288 ίαυτῷ
502 4213 792 4285 ἔχει,...συμπαθείτω
833 4213 1012 4285 Συναιεροατίηε.
1052 4215 1096 4268 τὸν
1118 4216 1191 4284 άγιον
1215 4213 1383 4287 Πολὺεαρπον

282 4318 333 4364 μοι.
357 4293 421 4370 Ign.
437 4293 520 4350 Rom.
534 4297 558 4352 6.
597 4296 790 4363 είςτάσυμπα-
873 4297 974 4351 ...τὸν
988 4295 1166 4367 συναεροοτὴν.
1182 4291 1266 4351 Mart.
1278 4294 1341 4370 Ign.
1353 4314 1380 4370 3

283 4377 338 4431 θεῖν
349 4379 417 4450 αὐτῷ
433 4378 516 4431 πάντα
528 4377 652 4445 ὑπομένω.
674 4375 790 4452 Smym.
832 4378 1070 4448 Συναναγιεάζεσθαι.
1112 4377 1153 4430 διὰ
1171 4376 1242 4444 την..
1257 4382 1322 4431 ,τῶν
1336 4400 1380 4433 κα·

285 4478 312 4528 4.
353 4457 514 4529 συντρίχετε,
537 4460 711 4529 συμπάσχετε.
737 4457 790 4515 Po·
872 4463 922 4511 κῶν
939 4458 1073 4526 συνήθειαν
1089 4460 1208 4528 πράττειν
1225 4460 1382 4532 συναναγκά·

282 4537 337 4613 lyc.
354 4538 380 4593 6.
415 4543 451 4614 τῷ
473 4540 565 4613 Κυρίῳ,
584 4535 606 4614 ᾧ
623 4542 663 4594 καί
682 4541 791 4595 συνίπα-
873 4542 948 4606 (εται.
972 4536 1060 4594 Clem.
1077 4535 1240 4612 Fragmvi.

283 4621 334 4675 θον.
357 4618 454 4694 Polyc.
469 4618 540 4675 Phil.
557 4637 583 4691 9.
832 4622 964 4676 Συναντᾶν.
991 4621 1014 4674 εἶ
1027 4621 1130 4674 δυνατόν
1143 4620 1199 4673 ε’στι
1211 4620 1274 4688 μηδὲ
1288 4641 1380 4675 συναν-

242 4702 380 4771 Συμπίνειν.
427 4703 499 4755 Μετά
526 4702 554 4756 δά
580 4701 626 4770 τὴν
650 4701 792 4757 ἀνάστασιν
871 4704 923 4755 τᾶν.
951 4700 1013 4775 Ign.
1029 4700 1142 4775 Smym.
1160 4720 1185 4769 4.
1223 4706 1382 4771 συναντῶμεν

283 4782 428 4855 συνίφαγεν
437 4783 523 4838 αὐτοῖς
536 4783 576 4837 καὶ
590 4783 713 4838 συνίπιεν.
726 4782 788 4858 Ign.
871 4785 924 4838 τοῖς
936 4782 1067 4852 ἀδελφοῖς.
1089 4780 1174 4837 Mart.
1192 4779 1254 4856 lgn.
1271 4781 1297 4836 6.

282 4862 396 4937 Smym.
413 4881 439 4935 3.
830 4862 1044 4933 Συναπίρχεσθαι.
1084 4863 1137 4933 άψά
1159 4864 1204 4932 της
1228 4863 1294 4934 ὥρας
1317 4885 1379 4919 συν-

241 4945 401 5012 Συμπίπτειν.
447 4944 477 4997 οὗ
497 4945 573 5010 μόνον
590 4944 625 5012 με)
648 4947 791 5014 συμπεσεῖν
871 4943 1032 5000 οπελθόντες.
1054 4941 1139 5000 Mam
1155 4941 1250 5017 Polyc.
1263 4956 1290 5015 7.

282 5025 457 5096 ταραχθάντος.
480 5022 566 5081 Mart.
582 5021 676 5099 Polyc.
696 5042 739 5080 12.
830 5024 1001 5094 Συναριθμεῐν.
1054 5024 1263 5095 συνηριθμημίνοι
1291 5026 1319 5081 ίν
1343 5031 1379 5104 τῷ

241 5104 383 5175 Συρπλοκὴ.
418 5103 790 5177 φεῦγοντες...μισράε...συμ-
873 5106 1020 5180 εὐαγγελίῳ.
1043 5104 1105 5181 Ign.
1123 5104 1231 5163 Philad.
1248 5119 1275 5178 5.

281 5189 384 5243 πλοκάς.
407 5184 496 5242 Clem.
513 5187 590 5258 130.
831 5186 1003 5257 Συναρμόζειν.
1038 5189 1381 5261 Τὸγάρ...πρεσβυτίριον

241 5266 482 5337 Συμπολιτεῦεσθαι.
510 5266 740 5323 συνεπολιτεῦσατο
753 5271 789 5342 τῷ
874 5263 1007 5324 ...οὗτος
1028 5269 1201 5341 συνήρμοσται
1220 5292 1256 5345 τηι
1277 5271 1378 5327 ε’πισκά-

282 5350 412 5425 Εὶρηναίφ.
435 5346 522 5407 Μυῒ.
539 5346 631 5424 ΡοΙγο.
651 5366 694 5405 22.
870 5369 920 5421 τῳ.
943 5344 1005 5422 Ign.
1023 5347 1134 5425 1111...

911 5447 929 5503 ll
947 5445 961 5482 2
