3250 6617
538 1058 597 1121 Ab
617 1057 902 1133 CORINTHIOS,
925 1056 999 1120 xlvi.
1213 1057 1278 1124 173

243 1254 326 1301 eum
340 1254 517 1327 peruerse
536 1230 770 1327 perverteris.
822 1230 944 1322 Quare
964 1230 1216 1304 innocentibus
1241 1242 1281 1304 et

238 1345 350 1445 justis
377 1346 580 1447 jungamus
612 1376 688 1435 nos,
718 1348 746 1422 ii
779 1348 915 1448 quippe
949 1357 1037 1420 sunt
1063 1347 1169 1421 electi
1198 1348 1278 1421 Dei.

243 1458 320 1535 Cur
335 1460 515 1535 intervos
539 1473 629 1537 sunt
650 1464 911 1549 contentiones,
929 1462 1013 1548 irae,
1030 1461 1280 1548 dissensiones,
1292 1490 1380 1539 rasos.
1390 1490 1443 1537 in.

243 1576 448 1665 schismata,
483 1588 522 1653 et
554 1580 718 1655 belluml
765 1580 898 1657 Nonne
927 1606 1043 1652 unum
1078 1578 1209 1663 Deum,
1243 1589 1281 1652 et
1297 1600 1445 1649 recense.

244 1720 361 1768 unum
388 1694 577 1771 Christum
605 1696 808 1771 habemusl
836 1697 967 1770 Nonne
994 1722 1090 1769 unus
1117 1706 1175 1769 est
1201 1696 1281 1796 Spi-
1295 1717 1358 1779 uph.
1371 1718 1429 1778 iv,¹

244 1810 339 1885 ritus
367 1813 518 1913 gratiae,
545 1814 610 1913 qui
637 1840 747 1913 super
779 1840 846 1887 nos
880 1812 1016 1886 effusus
1049 1820 1115 1899 est,
1144 1820 1183 1886 et
1209 1840 1283 1887 una
1299 1784 1423 1910 {poem

244 1928 386 2002 voeatio
414 1930 453 2003 in
484 1930 657 2005 Christot
692 1930 769 2006 Cur
791 1929 930 2005 Christi
957 1928 1118 2002 membra
1143 1928 1281 2002 divelli-

244 2068 326 2117 mus
359 2054 399 2118 et
431 2044 677 2145 discerpimus,
708 2057 747 2120 et
773 2055 900 2120 contra
932 2045 1119 2144 proprium
1152 2071 1281 2143 corpus

243 2158 460 2235 seditionem
483 2188 680 2249 movemus,
705 2189 819 2261 eoque
844 2161 1032 2261 superbiae
1058 2159 1279 2247 devenimus,

244 2284 289 2350 ut
303 2304 372 2351 nos
387 2278 542 2352 invicem
559 2277 711 2353 eliorum
727 2277 890 2352 membra
906 2304 983 2352 esse
1001 2277 1278 2351 obliviscamur?
1293 2300 1365 2349 Rom.
1375 2302 1408 2349 ni
1422 2314 1445 2364 ⁵·

245 2392 500 2467 Recordamini
516 2394 709 2469 verborum
726 2394 876 2468 Domini
893 2395 1008 2467 nostri
1024 2393 1049 2468 J
1051 2421 1115 2467 esu
1133 2393 1282 2479 Christi,
1436 2479 1442 2490 ,

245 2508 342 2584 dixit
369 2509 489 2586 enim:
523 2512 597 2585 Vae
626 2511 685 2585 illi
712 2510 877 2586 lio-mini:
917 2511 1050 2584 borium
1080 2524 1158 2583 erut
1187 2510 1222 2583 ci
1249 2475 1446 2653 sigillabit

246 2738 343 2793 ίνίατι
356 2744 440 2809 σῶμα·
459 2738 526 2795 αὕτα
542 2743 582 2795 καί
595 2744 609 2795 ί
623 2743 740 2809 Χριστός.
783 2738 872 2814 tiquis
893 2756 950 2794 non
971 2737 1094 2794 insolens
1114 2734 1283 2806 fuitmulta

247 2822 295 2875 Καί
307 2822 358 2893 γὰρ
371 2822 399 2875 ίν
411 2822 448 2875 tvl
459 2820 579 2891 πνεύματι
595 2822 664 2891 ἡμεῖς
680 2826 743 2877 πάν
782 2817 949 2878 testimonia
967 2818 996 2874 in
1012 2836 1103 2874 unum
1116 2816 1281 2893 conjungit:

246 2900 464 2972 τντείςίνσίνμα
477 2903 673 2972 ἐβαπτίσθημεν.
783 2920 886 2977 nempe
915 2899 998 2957 Matt.
1028 2899 1096 2955 xxvi
1127 2918 1172 2969 24,
1214 2898 1281 2955 Luc.

287 2982 317 3038 6.
346 2984 392 3053 μία
418 2984 520 3055 κλῆσιν]
546 2982 658 3041 Boisius
681 2982 745 3041 vult
785 2982 844 3039 xvii
863 3000 888 3045 2,
911 2980 993 3039 hlutt.
1011 2980 1080 3037 xviii
1100 2982 1125 3048 6,
1149 2980 1236 3037 Marc.
1251 2980 1281 3037 ix

246 3062 422 3139 utlegnmus
440 3066 500 3135 μίαν
511 3068 609 3137 κλῆσιν,
622 3063 667 3121 vel
686 3067 745 3137 οὐχὶ
786 3082 834 3136 42,
850 3070 879 3121 et
900 3062 929 3119 in
951 3061 1056 3131 Marco,
1077 3061 1176 3120 autin
1197 3061 1281 3128 Luca,

247 3146 288 3200 ml
312 3144 341 3201 ἔν
363 3146 421 3201 ἔστι
442 3151 611 3216 πνεῦμα
635 3150 675 3202 καί
701 3149 746 3216 μία
784 3145 876 3204 autin
889 3151 1012 3220 utroque
1021 3144 1158 3219 reperisse
1168 3142 1283 3201 videtur

246 3228 359 3297 Ιλῆσιε.
376 3270 383 3283 .
399 3268 407 3281 ·
422 3226 481 3285 Sed
493 3246 551 3285 non
567 3246 640 3303 opus
655 3232 699 3285 est
711 3232 746 3285 ui
785 3228 902 3297 περιττθῇ
916 3245 969 3302 pro
983 3224 1119 3283 hodierno
1137 3227 1282 3298 περίκειται·

246 3305 356 3383 aliquid
368 3315 507 3373 mutetur,
522 3308 557 3366 de
570 3328 654 3366 sensu
667 3307 744 3366 enirn
784 3307 880 3384 sieque
900 3306 930 3363 in
952 3306 1030 3364 Luca
1050 3306 1166 3365 exbibet
1184 3306 1283 3365 Codex

245 3388 317 3447 ntis
341 3396 475 3461 constat3
516 3408 618 3465 perum
649 3398 745 3447 autem
785 3388 847 3445 MS.
872 3388 921 3464 qui
946 3395 989 3446 est
1012 3388 1203 3446 Bibliothecae
1228 3388 1283 3445 lte-

246 3466 349 3528 habuit
369 3469 666 3530 CPaterrhetoricus
679 3471 745 3527 sub·
785 3470 849 3545 giao
871 3483 957 3543 ²²47·
1001 3468 1133 3545 Vulgata,
1152 3469 1283 3543 inaperta-

246 3548 376 3623 tilitetes,
397 3553 606 3630 verborumque
629 3572 662 3610 ec
682 3571 745 3609 sen·
785 3561 841 3609 tur.
892 3551 987 3608 Verbo
1015 3550 1101 3607 etiem
1128 3552 1282 3623 περανθῆναι

245 3630 403 3691 tontinmm
416 3633 578 3709 elegantias
601 3633 722 3692 WOTT.
785 3632 878 3691 utitur
904 3631 1132 3708 Tlieophylectus
1156 3650 1220 3688 eum
1245 3629 1283 3687 E·

290 3714 317 3771 8.
345 3718 376 3771 τὸ
402 3722 477 3786 σῶμα
501 3720 532 3771 τὸ
557 3712 633 3795 ἴδιον]
672 3715 746 3772 Vide
785 3713 974 3789 vangelistern
1006 3732 1147 3782 enarrans,
1175 3731 1283 3769 necnon

247 3812 336 3872 Supra
349 3795 365 3871 ξ
380 3811 416 3871 37
433 3804 506 3855 extr.
521 3800 600 3855 elsrd
619 3799 747 3866 σώζεσθαι
788 3795 927 3871 Origenes
950 3794 987 3851 ad
1011 3793 1094 3852 Mati.
1124 3792 1200 3849 xviii.
1244 3792 1284 3851 Et

248 3878 313 3933 ὅλον
323 3880 355 3933 τὸ
368 3884 450 3950 σῶμα
786 3896 855 3935 vero
869 3874 967 3933 eadem
981 3875 1143 3933 divinorum
1159 3873 1283 3949 eloquio-

289 3957 328 4017 rb.
350 3962 387 4018 τίν
405 3960 533 4030 τοσαύτην
551 3955 680 4038 ἀπόνοιαν]
702 3957 745 4016 cf.
787 3978 852 4015 rum
871 3976 1021 4033 compages
1045 3956 1197 4014 struitura
1217 3954 1281 4012 Cle-

248 4058 343 4117 mpru,
370 4060 398 4117 p.
422 4040 479 4098 61.
506 4054 533 4115 5,
561 4043 596 4100 τίς
621 4046 746 4097 τοσοῦτον
785 4048 881 4097 mente
895 4038 975 4097 Alex.
992 4039 1029 4096 ad
1049 4037 1134 4095 finem
1148 4036 1284 4095 Centonis

248 4122 374 4181 ἀπονοίας.
417 4122 542 4199 Etymol.
558 4122 654 4199 Magn.
669 4122 746 4177 Ἀτό-
785 4119 825 4192 ἱίἰ,
842 4117 902 4200 [18,
916 4140 942 4196 p.
961 4122 1015 4192 561
1034 4119 1078 4177 ed.
1095 4114 1215 4197 Potter.]
1234 4118 1283 4175 ubi

249 4226 305 4259 ναια
321 4202 437 4273 σημαίνει
451 4204 505 4275 δύο,
517 4206 563 4275 τὴν
575 4205 747 4277 ὑπερηφανίαν
786 4201 962 4277 cognominis
986 4200 1029 4259 sui
1052 4199 1173 4258 Romani
1197 4199 1284 4256 verba

249 4288 291 4341 ml
317 4286 364 4354 τὴν
391 4284 545 4357 θρασύτητα·
581 4288 622 4341 καί
654 4284 748 4358 γίνεται
787 4291 936 4341 mutuatur
947 4303 955 4354 ;
986 4302 1037 4339 nec
1064 4282 1186 4339 multum
1210 4280 1283 4337 absi-

248 4368 319 4439 παρὰ
338 4368 368 4421 τὸ
383 4368 477 4423 ίίταθεν
489 4364 551 4423 clm
562 4370 607 4422 τὸν
620 4371 686 4421 ναῦν·
708 4368 748 4421 καί
788 4364 864 4422 milis
884 4383 901 4420 a
922 4363 1104 4431 Tertulliano,
1125 4362 1173 4419 lib.
1196 4361 1225 4418 iv
1244 4375 1282 4433 35

247 4447 440 4520 ηίνρθρασίτης
458 4448 530 4503 ἐστίν
546 4448 562 4518 ἦ
579 4450 747 4521 ὅλαμαςτόλ·
788 4445 850 4502 adv.
877 4444 1070 4514 hiarcionen13
1091 4444 1126 4500 ab
1151 4441 1284 4517 Origene,

248 4552 292 4595 μα.
332 4528 367 4583 ‘H
390 4530 442 4586 «tut
467 4530 588 4601 πρόθεσις
615 4531 748 4601 χωρισμὸν
789 4525 897 4584 Homil.
921 4539 957 4598 25
979 4525 1007 4581 in
1027 4524 1193 4595 Numeros,
1214 4522 1284 4581 item

248 4610 331 4677 δηλοῖ·
350 4610 483 4665 ταισίστιν
503 4611 518 4679 ίη
538 4613 682 4681 χωρίζουσα
701 4613 747 4663 τοῦ
787 4608 824 4665 ab
840 4607 963 4665 Auctore
981 4604 1166 4682 Dialogorum
1186 4611 1286 4663 contra

248 4690 357 4749 δίωτον.
394 4689 535 4765 Exempla
548 4690 650 4749 idonea
663 4689 747 4766 hujus
788 4688 995 4755 Marcionistas,
1016 4686 1092 4744 inter
1111 4685 1285 4763 Origeniana

247 4769 465 4848 significationis
478 4770 559 4829 dabit
572 4770 704 4830 Suieerus
717 4771 748 4827 in
788 4770 892 4848 Opera,
912 4769 986 4826 Dial.
1007 4788 1016 4825 1
1029 4788 1037 4839 3
1058 4787 1168 4826 necnon
1181 4768 1217 4826 ab
1231 4768 1284 4825 Hi-

248 4872 309 4911 voe
351 4852 456 4911 Altero
476 4872 571 4917 sensu,
593 4872 677 4928 eoque
702 4872 746 4909 rc-
787 4852 858 4909 lario
878 4851 915 4908 ad
934 4849 1146 4923 Pscxix167.
1188 4849 1285 4926 Atque

247 4934 596 5011 minterpretantur
608 4933 747 5003 Gramine,
789 4932 883 5009 colligi
907 4938 1003 5008 potest
1026 4951 1062 4989 ex
1086 4931 1155 4989 locis
1175 4931 1285 4988 Tertul-

249 5014 370 5075 Ruehat
406 5016 531 5093 Herzog.
560 5014 687 5085 chius,
717 5023 746 5073 et
785 5012 853 5071 lieni
875 5032 907 5071 ac
925 5012 1066 5090 Origenis,
1081 5012 1216 5070 nonnulla
1236 5033 1286 5071 ex-

248 5096 374 5156 Chevull.
787 5094 924 5171 emplaria
951 5094 1122 5171 Euangeliou
1155 5094 1285 5152 habuisse

292 5196 336 5237 11.
346 5176 467 5254 εἶπιηόρ·
479 5204 502 5237 κ.
511 5204 536 5237 τ.
545 5175 585 5258 λ.]
593 5178 677 5251 Quod
687 5176 746 5233 An·
787 5180 930 5249 περιδεῖται.
968 5175 1052 5235 Certe
1066 5176 1096 5233 in
1111 5176 1213 5234 Latino
1228 5176 1284 5233 Eu-
