3250 6617
434 1080 497 1143 AD
520 1080 810 1161 CORINTHIOS,
827 1085 955 1147 xxxviii.
1156 1090 1218 1158 139

171 1262 289 1327 strum
316 1254 356 1325 in
390 1253 538 1329 Christo
566 1256 668 1343 Jesu,
700 1270 738 1330 et
769 1259 1020 1356 unusquisque
1051 1259 1216 1356 proximo
1231 1278 1376 1340 upana

169 1396 236 1445 suo
258 1370 475 1469 subjiciatur
493 1372 607 1471 juxta
628 1373 791 1447 ordinem
813 1375 853 1447 in
876 1402 948 1473 quo
973 1402 1039 1475 per
1060 1377 1218 1476 gratiam
1234 1344 1308 1391 Μ
1321 1360 1337 1391 v
1350 1358 1372 1403 ⁵'

168 1486 248 1587 ejus
276 1488 420 1587 positus
449 1500 514 1562 est.
571 1488 694 1563 Fortis
723 1517 769 1563 ue
799 1490 964 1590 negligat
994 1491 1217 1577 imbecillem,

167 1602 357 1678 imbecillis
383 1604 516 1677 fortem
551 1617 783 1694 revereatur;
826 1606 929 1679 dives
962 1608 1114 1705 pauperi
1149 1608 1218 1681 lar-

166 1720 304 1821 giatur,
333 1748 472 1821 pauper
498 1722 620 1796 Deum
645 1722 772 1796 laudet
791 1722 890 1821 quod
920 1724 953 1795 ei
979 1723 1130 1812 dederit,
1153 1750 1219 1823 per

167 1860 279 1935 quem
313 1837 393 1937 ejus
430 1838 554 1937 inopia
586 1839 810 1937 suppleatur.
881 1839 1035 1937 Sapiens
1069 1866 1142 1913 non
1179 1840 1218 1912 in

167 1952 300 2039 verbis,
334 1954 399 2027 sed
432 1954 471 2026 in
511 1954 615 2028 bonis
649 1955 828 2052 operibus,
863 1956 1080 2054 sapientiam
1113 1984 1217 2030 suam

168 2068 405 2157 manifestet;
442 2068 591 2143 humilis
625 2096 697 2143 non
731 2070 800 2144 sibi
833 2071 1084 2146 testimonium
1114 2074 1217 2161 ierat,
1232 2086 1385 2201 pavana

168 2272 197 2329 δι’
221 2272 347 2347 ἅδιλφοῑς
370 2276 529 2347 ὑπάρχουσιν
555 2276 673 2347 ἔπιχορη-
758 2294 804 2331 10.
821 2280 835 2329 d
851 2278 927 2348 ἁγνὸς
947 2278 974 2330 ἐν
989 2281 1020 2345 τῇ
1039 2272 1126 2354 σαρκὶ]
1152 2276 1218 2334 Hoc

168 2354 458 2431 γρῦπαι,1)ἰουγοὶυο
479 2354 608 2414 Corinth.
627 2374 671 2432 ap.
715 2363 744 2413 et
765 2356 822 2413 alia
848 2356 987 2432 quaedam
1009 2355 1219 2433 transcripsisse

168 2434 276 2494 Bouth.
297 2434 358 2493 Rel
374 2435 450 2494 Saor.
466 2436 484 2494 i.
504 2450 567 2511 179.
603 2438 675 2493 Ἐπι-
714 2437 829 2494 videtur
856 2436 1048 2495 Tertullianus
1075 2437 1148 2496 libr-o
1182 2440 1218 2497 cle

168 2522 357 2591 xopqyrivvox
370 2516 545 2595 apostolica,
561 2518 593 2574 ΙΙ
608 2518 672 2577 Cor.
715 2517 882 2593 Virginibus
904 2518 1056 2575 Velaudis:
1079 2520 1136 2577 ‘Et
1157 2520 1180 2577 si
1201 2541 1218 2577 a

168 2596 201 2655 ix
218 2616 264 2671 ro,
286 2598 349 2657 Gal.
363 2597 395 2656 iii
410 2616 437 2673 5,
459 2600 518 2658 cor.
535 2598 555 2655 ii
574 2618 618 2674 19,
640 2599 674 2655 II
716 2598 800 2657 ‘Deo
839 2600 984 2658 confertur
1027 2600 1218 2660 continentiae

170 2678 248 2739 Patr.
262 2679 273 2737 i
289 2694 317 2754 5,
334 2698 378 2738 rr.
716 2680 837 2753 ‘virtus
869 2681 938 2757 quid
972 2681 1110 2758 gloriatio,
1138 2683 1218 2759 quasi

210 2760 239 2819 6.
253 2764 333 2818 αι’σοῦ
348 2766 378 2818 τὸ
398 2763 550 2836 ὑστέρημα]
567 2760 674 2820 Vocem
716 2767 793 2820 ‘non
807 2762 948 2838 acceperis
960 2763 979 2819 l'
1005 2760 1033 2842 [§
1051 2783 1096 2837 13,
1115 2784 1141 2840 p.
1163 2768 1218 2822 180

169 2843 300 2917 ὑστέρημα
318 2842 374 2901 hoo
386 2862 470 2901 seusu
488 2843 612 2920 positam
625 2842 675 2901 lra·
715 2844 757 2901 ed.
774 2840 895 2923 Rigalt]
925 2843 1060 2919 Legimus
1074 2845 1161 2903 etiam
1174 2846 1219 2903 his

170 2922 221 2983 boe
251 2922 281 2982 8
297 2924 365 2983 Lao.
387 2923 439 2982 xxi
460 2948 487 2997 4,
510 2925 543 2981 II
559 2924 623 2984 Cor.
646 2925 676 2981 ix
716 2925 820 2983 similia
833 2926 909 3002 apud
924 2927 952 2983 S.
965 2925 1111 3003 Igrratiuur
1125 2927 1154 2984 iu
1165 2928 1217 3003 Ep.

173 3022 218 3063 ιο.
715 3007 752 3063 ad
779 3007 968 3084 Polyeaqrurn
986 3007 1014 3082 [§
1033 3010 1087 3081 5]:
1124 3008 1155 3064 El
1179 3033 1218 3067 aa

212 3098 239 3161 7.
262 3084 388 3167 ὄροφος]
415 3086 550 3146 Oiantm
569 3087 638 3145 haec
658 3108 675 3145 a
716 3089 816 3145 δύναται
837 3092 864 3145 ἐν
884 3091 969 3163 ἁγνείᾳ
989 3096 1072 3160 μένειν
1090 3092 1125 3148 cir
1148 3092 1220 3161 τιμὴν

170 3166 320 3227 clemente
332 3167 538 3241 Alexandrina,
554 3166 672 3248 [Strom.
715 3176 761 3225 τοῦ
782 3172 876 3244 Κυρίου
904 3174 948 3241 τῆς
972 3176 1073 3244 σαρκός,
1095 3176 1122 3226 ἐν
1145 3173 1219 3227 ἀκου-

169 3248 201 3307 iv
218 3250 263 3321 16,
283 3269 310 3325 p.
328 3250 386 3325 613
401 3250 445 3309 ed.
461 3247 583 3330 Putea]
598 3251 675 3327 apud
714 3254 794 3323 χησίᾳ
819 3254 920 3322 μενέτω.
967 3254 1028 3307 Ἐὰν
1054 3253 1218 3324 καυχήσηται,

169 3350 257 3409 quem
284 3330 413 3408 legimus,
440 3339 507 3409 post
535 3334 676 3405 Πραδίγλαν
715 3334 838 3390 ἀπώλετο.
862 3333 981 3392 WOTT.
1027 3334 1062 3390 In
1082 3333 1136 3391 hoo
1156 3333 1220 3392 loeo

170 3412 216 3469 adr
227 3414 309 3469 ὅπου
319 3414 378 3485 ἡμῖν
388 3413 485 3470 τούτων
498 3437 519 3471 κ.
529 3439 551 3470 τ.
561 3418 586 3468 λ.
603 3432 675 3489 quae
716 3413 874 3473 Cotelerius
895 3414 948 3471 silri
969 3414 1046 3472 risus
1066 3422 1110 3473 est
1123 3414 1220 3473 ridere

170 3492 314 3553 habentur
334 3493 409 3552 infr-a
431 3494 446 3571 ξ
471 3514 518 3566 40,
538 3496 569 3550 '0
591 3499 677 3567 rodda
716 3515 805 3553 unum
833 3516 868 3553 cx
890 3496 947 3553 illis
969 3496 999 3553 in
1027 3495 1130 3572 quibus
1154 3497 1219 3554 Ole-

171 3576 257 3631 ru'm
276 3576 440 3633 ι’νδεικνῦσθο
461 3578 508 3647 τὴν
528 3579 626 3649 σοφίαν
642 3579 676 3647 μὴ
716 3596 804 3649 mens,
835 3578 921 3653 juxta
954 3578 1122 3635 relationem
1154 3598 1219 3635 curn

170 3660 260 3731 λόγου
281 3661 359 3728 μόνον
381 3659 440 3713 ἀλλ’
464 3660 491 3713 ἐν
510 3660 593 3731 ἔργοιο
614 3658 675 3732 ἆγο-
716 3657 870 3734 Epiphanii
883 3659 999 3716 Haeres.
1013 3678 1074 3715 xxx
1086 3673 1131 3730 15,
1143 3659 1217 3736 Opp.

172 3738 234 3797 θοῖε.
276 3738 307 3794 ‘0
323 3742 501 3813 ταπεοόφραν
518 3742 675 3811 μαρτυρείτω
716 3739 1101 3816 ip.13ood.Petav.tum
1118 3740 1219 3798 Hiero-

170 3820 206 3892 μὴ
226 3822 308 3897 ὄαυιηῖ
329 3821 387 3877 ἀλλ’
409 3822 437 3876 ἐν
461 3824 498 3896 τῷ
522 3822 568 3893 ὑφ’
589 3822 675 3894 ἑτέρου
716 3821 795 3897 nymi
809 3821 857 3878 lib.
874 3821 882 3877 i
899 3822 914 3897 ξ
931 3840 964 3877 12
979 3828 1079 3879 contra
1092 3821 1219 3879 Jovinia·

172 3904 250 3959 οἶτον
274 3903 465 3976 μαρτυρεῖσθαι·
501 3905 516 3957 ό
542 3904 618 3974 ἄγνος
644 3907 675 3972 τῇ
717 3922 793 3974 uum,
809 3902 882 3979 Opp.
899 3902 919 3959 ii
933 3923 960 3978 p.
978 3906 1035 3975 258
1050 3902 1215 3961 edVallars.

172 3986 250 4057 σαρκὶ
271 3984 306 4053 μὴ
329 3983 527 4054 α’λαζονιυίσθα,
545 3986 677 4057 γινώσκων
716 4004 769 4060 pro
796 3982 970 4060 virginitate
996 4004 1048 4060 per
1076 3984 1220 4061 Epistulas

171 4064 212 4121 du
224 4064 311 4137 ἕτερός
322 4066 422 4121 ι’στινὸ
438 4066 597 4137 ἐπιχορηγῶν
609 4066 676 4140 αὐτῷ
716 4084 780 4123 suas
794 4065 906 4123 locutus
919 4066 1019 4124 lucrat.

172 4146 383 4219 ssdyxpn'rrm.
426 4144 538 4218 Quibus
552 4144 675 4222 subjicit,
761 4164 804 4204 11.
821 4191 827 4204 .
844 4193 850 4204 .
868 4192 874 4204 .
890 4193 896 4205 .
912 4151 999 4218 καὶμὴ
1013 4143 1214 4226 ἆλοζονευέσθω]

172 4226 273 4299 Ὁρῶν,
287 4228 405 4297 ἀδελφοί,
419 4228 475 4303 ὅσῳ
487 4230 605 4284 πλείονος
618 4250 676 4282 κατ·
718 4227 887 4286 Membrana
907 4228 1000 4286 lacera
1020 4228 1145 4304 spatium
1163 4228 1219 4285 for-

172 4308 314 4379 ιγξιῶθρρσ
331 4312 458 4380 γνώσεως,
476 4309 591 4383 τοσούτῳ
613 4310 676 4364 ὑπο-
717 4309 793 4367 sitan
813 4310 901 4367 trium
918 4318 969 4368 aut
988 4316 1111 4386 quatuor
1125 4309 1219 4367 litora-

172 4390 275 4459 aaron
291 4390 516 4465 μᾶλλονιινδῦνφ·
539 4408 611 4465 quae
629 4388 678 4446 ha·
718 4410 783 4447 rum
810 4399 875 4467 post
903 4396 978 4464 σαρκί
1004 4390 1116 4466 linquit,
1141 4390 1218 4466 quod

172 4468 279 4529 bantur
290 4468 365 4527 infra
378 4468 394 4545 ξ
409 4487 455 4541 41.
479 4470 600 4527 WOTT.
716 4471 835 4530 Noltius
856 4492 907 4548 per
928 4477 1024 4545 σιγάτω
1045 4471 1217 4547 explendum

214 4570 241 4625 9.
263 4552 322 4607 αλλ’
340 4552 405 4607 idco
428 4553 474 4625 ὑφ’
495 4553 594 4625 ἑτέρου]
621 4552 677 4609 Pro
717 4561 808 4629 putat.
851 4552 964 4623 lunius,
990 4552 1106 4617 blillius,
1134 4552 1217 4610 Colo-

172 4630 227 4691 lraa
240 4630 356 4691 Codicis
369 4631 449 4691 Msti
467 4632 590 4705 lectione
603 4634 676 4691 Rus·
717 4635 822 4693 mosius
842 4642 871 4692 et
885 4635 1047 4703 ll'ottonus,
1061 4633 1154 4691 delere
1171 4635 1217 4711 ju-

172 4712 260 4773 oeliua
278 4712 396 4773 exhibet
412 4716 472 4771 ἀλλ’
486 4718 569 4791 ἐντῷ,
583 4736 599 4773 e
613 4715 676 4774 Cle·
717 4718 787 4775 bent
820 4715 1014 4792 importunam
1048 4714 1217 4791 particulam

171 4802 270 4855 meato
296 4794 501 4867 Alexandrino,
528 4816 614 4873 quern
640 4817 676 4855 ex
717 4800 765 4869 καί,
783 4818 869 4874 quam
895 4798 1026 4855 Clemens
1048 4795 1216 4853 Alexandri-

171 4874 226 4935 boc
239 4876 303 4936 loeo
312 4876 433 4955 corrigit
442 4877 583 4937 Potterus.
606 4878 676 4937 Mox
716 4898 770 4936 rrus
792 4898 850 4935 rrorr
871 4876 1008 4955 agnoseit.
1023 4896 1109 4953 quam
1129 4876 1216 4935 Davi-

172 4976 226 5035 pro
245 4960 301 5032 rid’,
316 4958 493 5019 Oolomesius
514 4966 543 5018 et
564 4960 677 5017 Horae-
716 4961 774 5018 sius
795 4966 892 5018 natam
913 4960 999 5017 fuisse
1019 4958 1216 5036 suspicature

171 5058 294 5099 mannus
311 5038 418 5099 habent
431 5043 481 5111 ὑπ’,
494 5039 615 5099 Junium
634 5061 676 5099 sc.-
716 5041 790 5099 male
825 5041 946 5119 repetita
969 5041 1073 5118 prioris
1099 5042 1216 5100 voculae

172 5120 240 5195 cuti,
264 5121 315 5199 qui
335 5142 434 5181 veram
455 5122 607 5182 lectionem
630 5123 677 5181 hie
716 5123 831 5201 syllaba

171 5220 286 5281 quoque
298 5204 336 5261 ad
348 5223 430 5263 oram
442 5203 509 5263 libr-i
521 5204 666 5282 relegavit.
757 5206 793 5263 ib.
816 5202 915 5285 ἕτ]ιρός
928 5208 999 5262 ἐστιν
1011 5209 1026 5261 ὁ
1045 5202 1213 5283 ἐπιχορηγῶν]

773 5320 825 5367 '1¹2
