3250 6617
408 1033 451 1100 16
772 1034 804 1096 S.
829 1032 1085 1097 CLEMENTIS

407 1207 454 1288 τὰ
471 1206 687 1307 δικαιώματα
703 1217 767 1288 τοῦ
787 1209 922 1311 Κυρίου
939 1209 995 1288 ἐπὶ
1012 1205 1058 1288 τὰ
1075 1203 1197 1306 πλάτη
1221 1209 1284 1305 τῆς
1305 1207 1458 1310 καρδίας

409 1338 507 1436 ὑμῶν
523 1336 735 1439 ἐγέγραπτο.

242 1480 372 1560 Quomodo
465 1461 519 1544 Γ’.
551 1468 665 1544 Πᾶσα
692 1461 784 1568 δόξα
811 1467 869 1543 καὶ
895 1459 1112 1562 πλατυσμὸς
1138 1458 1241 1562 ἐδόθη
1269 1465 1363 1561 ὑμῖν,
1395 1466 1456 1543 καὶ

243 1553 386 1664 ieriinhiim
408 1590 619 1692 ἐπετελέσθη
639 1589 682 1672 τὸ
707 1589 962 1696 γεγραμμένον,
981 1586 1178 1696 “Ἔφαγεν
1195 1593 1253 1669 καὶ
1270 1587 1373 1686 ἔπιεν,
1395 1593 1456 1670 καὶ

410 1730 431 1766 α
457 1721 467 1745 2
575 1719 585 1746 Ι
720 1722 732 1750 λ
762 1722 774 1745 ⁸
863 1717 873 1745 Ι
1018 1717 1030 1746 λ
1065 1719 1074 1743 δ
1159 1712 1170 1740 s
1321 1719 1330 1743 θ
1368 1716 1378 1742 Ι

448 1725 649 1819 επλατυνθη
676 1753 735 1799 και
757 1724 949 1824 επαχυυθιγ,
973 1751 1032 1796 και
1053 1726 1290 1797 απελακτισεν
1313 1751 1335 1796 o
1357 1745 1489 1818 ppo-5

410 1950 524 2028 legebat
544 1948 657 2008 Boiaiua
675 1968 789 2027 quoque
809 1949 840 2007 in
859 1968 912 2008 auo
951 1952 1041 2015 αίπόν,
1056 1948 1087 2007 in
1102 1947 1166 2006 aliia
1177 1947 1259 2007 libris
1272 1949 1314 2006 bri
1326 1952 1374 2005 τοῦ
1388 1951 1456 2021 ατί).

412 2031 576 2109 exemplari,
599 2031 644 2090 uti
668 2050 705 2089 ex
731 2030 808 2090 notia
835 2029 912 2089 illiua
952 2033 1012 2090 θους
1027 2035 1072 2102 τῆς
1089 2033 1191 2104 αιρδίας
1208 2034 1297 2087 αὐτῶν.
1341 2029 1456 2090 Notan-

411 2119 499 2190 patet
542 2112 620 2186 Quin
634 2120 663 2171 et
675 2112 724 2170 illa
744 2112 846 2190 legisse
858 2112 912 2171 δα·
952 2111 1022 2169 dum
1038 2118 1135 2170 autem
1148 2118 1329 2189 eatquatuor
1341 2110 1455 2189 priora·

412 2195 501 2266 nium,
525 2214 561 2253 ex
584 2194 645 2271 ejus
667 2193 805 2266 versione,
828 2213 913 2252 που·
952 2213 1051 2252 veraua
1077 2193 1162 2270 hujus
1187 2192 1288 2271 eapitis
1314 2211 1332 2251 e
1359 2193 1453 2253 Codd.

413 2276 484 2335 aaa
501 2285 526 2334 et
536 2284 688 2352 praeeepto
700 2275 832 2348 Donaini,
845 2295 912 2334 oon-
952 2274 1045 2334 Vatia
1070 2282 1100 2334 et
1123 2274 1205 2333 Alex
1230 2274 1336 2345 aberae,
1360 2293 1455 2353 neque

413 2364 489 2416 atare
503 2363 580 2416 reete
592 2363 691 2416 monet
706 2357 880 2415 Gallandiua
952 2376 1001 2415 eoa
1027 2376 1134 2434 ponere
1156 2355 1354 2433 Augustinum
1375 2354 1455 2417 hune

458 2458 481 2496 1.
497 2435 692 2519 ἐπλτάπλάτη]
717 2438 831 2510 Juniue,
846 2437 913 2496 Boi-
952 2438 1048 2497 loeum
1076 2438 1213 2497 citantem
1243 2456 1323 2514 eapp.
1349 2436 1390 2496 vii
1423 2445 1455 2499 et

414 2519 480 2589 aius,
503 2527 532 2579 et
554 2520 650 2579 Pelius
670 2520 782 2579 malunt
806 2523 847 2578 bri
868 2523 914 2578 τδς
952 2519 1003 2578 viii
1017 2518 1080 2578 Lib.
1096 2539 1130 2594 13
1146 2525 1247 2578 eontra
1260 2518 1409 2578 Faustum.

413 2605 518 2668 πλάκας,
529 2601 715 2679 proculdubio
729 2601 913 2679 respicientes
982 2621 1007 2676 3.
1024 2606 1103 2658 Πᾶαα
1115 2596 1189 2680 δόξα]
1209 2600 1379 2678 Hucusque
1391 2600 1455 2659 lau-

413 2682 451 2740 ad
473 2682 506 2740 II
528 2684 592 2741 Cor.
616 2682 647 2739 iii
668 2702 696 2758 3,
716 2686 762 2740 aba
783 2687 811 2740 ἐν
833 2685 913 2753 πλαξὶ
953 2683 1059 2742 dentur
1086 2680 1253 2754 Corinthii;
1281 2688 1311 2740 et
1335 2681 1454 2741 illorum

413 2764 526 2831 λιθίναις,
556 2765 614 2820 ἀλλ’
643 2767 669 2820 ἐν
697 2767 778 2835 πλαξῒ
811 2767 914 2839 καρδίας
953 2764 1003 2841 pii,
1027 2762 1125 2837 saneti,
1150 2770 1180 2822 et
1206 2761 1331 2842 religioni
1359 2783 1456 2823 morea

414 2848 549 2918 σαρκίναις.
592 2844 660 2921 Ipse
677 2846 788 2904 retineo
807 2851 892 2917 πλάτη
904 2866 911 2917 ;
953 2846 1023 2923 ipeia
1047 2847 1083 2904 ob
1107 2844 1204 2904 oeulos
1226 2850 1392 2923 ponuntur3
1420 2852 1456 2905 ut

415 2926 521 3004 legitur
538 2926 615 2984 enim
632 2926 663 2983 in
681 2926 852 2999 Proverbiis,
873 2927 913 2985 vii
953 2926 1136 3005 vituperium,
1169 2934 1289 3004 propter
1317 2926 1390 2985 vitia
1422 2926 1454 2985 in

417 3026 444 3081 3,
458 3010 603 3082 ἐπέγραψαν
616 3009 644 3064 δὲ
662 3011 703 3065 ἐπὶ
715 3012 745 3065 rb
757 3012 855 3068 πλάτος
870 3013 914 3079 τῆς
954 3029 1027 3086 qaae
1047 3009 1264 3086 degenerarunt,
1277 3007 1371 3066 aerina
1390 3006 1455 3067 ilio·

416 3092 524 3162 καρδίας,
547 3094 576 3147 et
598 3088 705 3166 passim
732 3090 808 3167 apud
832 3089 914 3147 LXX
953 3111 1019 3148 rum
1028 3090 1138 3148 animoa
1148 3095 1295 3167 pungeret
1311 3089 1456 3149 Trauaitio

416 3169 487 3229 Intt.
523 3169 657 3242 Irenaeus,
672 3173 699 3227 ἐν
710 3177 747 3249 τῷ
759 3175 852 3230 πλάτει
865 3196 914 3229 που
954 3180 1050 3231 autem
1064 3171 1160 3248 paullo
1176 3170 1325 3249 abruptior
1340 3178 1404 3244 ως,
1424 3180 1456 3231 et

416 3257 462 3307 τοῦ
485 3257 535 3309 νοῦ.
581 3251 729 3329 Origenes,
750 3253 861 3311 Comru
884 3252 915 3310 in
954 3253 1070 3330 majoris
1088 3252 1247 3312 evidentiae
1264 3271 1356 3325 eausa,
1369 3272 1456 3330 quae·

417 3332 445 3392 S.
460 3332 545 3391 Matt.
560 3335 760 3408 ἐπίγραψυνίπλ
773 3339 804 3391 rb
819 3339 916 3392 πλάτος
955 3335 1022 3394 dum
1048 3334 1115 3393 addi
1141 3353 1223 3411 posse
1246 3334 1389 3408 videntur,
1412 3340 1455 3407 ut,

415 3418 460 3485 τῆς
473 3416 579 3487 καρδίας.
601 3410 816 3494 [ἀπογράψασθαι
831 3420 913 3473 ιιπ.λ.
954 3419 1037 3473 Ἀλλά
1061 3422 1104 3472 νῦν
1125 3414 1165 3473 οἶα
1188 3417 1218 3486 ίξ
1238 3415 1305 3483 οἷον,
1327 3415 1373 3474 vel
1396 3415 1456 3475 tale

416 3501 485 3554 tom.
500 3495 533 3553 iii
546 3515 574 3573 p.
589 3511 647 3570 445
662 3496 705 3554 eu
721 3494 804 3577 Ben]
824 3497 916 3574 Chry·
954 3497 1070 3575 aliquid.
1085 3496 1247 3556 JUNIUS.
1288 3495 1365 3557 Ante
1385 3496 1456 3557 haee

416 3583 532 3635 sostom.
557 3583 596 3655 τῷ
619 3581 710 3635 πλάτει
736 3583 781 3650 τῆς
807 3581 916 3636 διανοίας
955 3579 1049 3651 verba,
1064 3582 1112 3636 Καὶ
1131 3584 1240 3636 τοιοῦτοι
1259 3580 1306 3650 μίν
1319 3602 1382 3636 ποτε
1401 3578 1455 3649 ἦτα,

417 3660 603 3731 ἐναποθέρτνος.
640 3659 751 3718 Corum.
766 3659 797 3718 in
811 3660 913 3719 Genea.
955 3667 999 3718 νῦν
1008 3663 1036 3716 δὲ
1049 3663 1090 3732 τί,
1103 3659 1286 3718 inserendum
1295 3678 1356 3718 ema
1368 3667 1455 3737 putat

416 3760 444 3818 p.
459 3753 503 3814 17,
525 3736 632 3820 [torui
653 3740 695 3799 ed.
719 3738 819 3822 savii]
843 3742 915 3816 ‹ipi-
957 3742 1076 3800 Boiaius.
1118 3741 1281 3819 Abruptum
1294 3740 1381 3800 nimia
1394 3760 1457 3801 ena

417 3846 502 3880 ναντες
515 3826 584 3893 ὑμῶν
592 3825 622 3877 τὸ
631 3826 729 3882 πλάτος
741 3828 785 3895 τῆς
798 3825 915 3887 διανοίας,
955 3823 1029 3881 hanc
1041 3822 1241 3882 transitionem
1254 3841 1311 3881 non
1323 3822 1455 3883 diffiteor.

416 3922 444 3980 p.
458 3918 505 3977 51,
520 3910 550 3962 et
563 3902 595 3960 in
607 3902 663 3962 alio
677 3904 748 3976 loeo,
762 3907 789 3960 ἐν
800 3911 837 3980 τῷ
849 3907 916 3961 πλά·
956 3904 1039 3963 Nihil
1047 3912 1144 3964 tamen
1151 3904 1458 3982 interponendumane

417 4008 456 4042 πει
475 3989 519 4056 τῆς
539 3987 637 4058 ψυχῆς,
658 3986 734 4063 apud
759 3985 787 4044 S.
804 3985 917 4064 Hippo
956 4006 1064 4059 censeo,
1088 4005 1179 4064 quum
1202 3984 1322 4045 Photiua
1346 3985 1459 4046 dudum

416 4065 511 4143 lytum
530 4065 566 4125 de
585 4064 795 4139 Anti-Christo,
813 4070 917 4142 ἔγκατα·
956 4066 1459 4145 notaviteaaetaminpriore,quam

417 4151 525 4222 οπείρῃς
537 4150 674 4225 τῷπλιίτει
686 4152 730 4220 τῆς
743 4150 846 4222 καρδίας
859 4172 916 4215 σου,
957 4150 987 4208 in
1008 4149 1166 4227 posteriore
1187 4148 1325 4227 Epistola,
1347 4149 1459 4221 νοήματι

417 4232 551 4302 δυσποροῦν
574 4230 669 4302 καθορᾷ
691 4236 732 4304 γῇ.
779 4230 818 4288 Et
841 4229 918 4307 apud
958 4235 1092 4305 ίρριρρίνα
1110 4255 1173 4297 πως,
1187 4234 1227 4287 καὶ
1246 4233 1277 4287 οὗ
1297 4234 1393 4303 mxv]
1412 4232 1459 4302 niu

419 4309 918 4386 S.HieronymumadEuatoe}1ium,
957 4315 1107 4370 ἀκολουθίαν
1119 4315 1287 4386 φυλάττοντα
1303 4310 1425 4371 WO'I'I’.

419 4391 476 4450 ‘Et
486 4391 592 4449 mirum
602 4390 632 4447 in
646 4391 763 4450 modum
773 4393 823 4465 illi,
833 4413 918 4471 quem
998 4394 1035 4452 ib.
1054 4388 1216 4472 πλατυσμὸς]
1232 4392 1277 4452 Ut
1287 4392 1414 4470 Cyrillua
1426 4392 1459 4451 in

419 4473 469 4531 ‘in
475 4473 630 4532 ίιιίίδυιίίιιυ
638 4475 763 4549 pectoris
772 4474 816 4533 tui
824 4475 919 4552 paullo
958 4476 1068 4535 Catena
1081 4482 1179 4534 nostra
1188 4475 1219 4532 in
1229 4474 1358 4534 Paalmoa
1370 4474 1459 4535 into

420 4559 505 4614 ‘ante
518 4553 725 4631 descripseras!
760 4556 799 4615 Et
812 4556 843 4614 in
857 4576 920 4615 ver·
978 4564 1096 4630 retatur,
1117 4565 1162 4617 eet
1180 4559 1335 4630 πραγμάτων
1354 4557 1460 4629 εδθοράα

419 4636 499 4695 aione
520 4635 687 4712 Hieronynn
704 4638 805 4696 Ezeeh.
827 4635 858 4718 [J
861 4658 920 4697 ere·
958 4578 1014 4719 iio.
1030 4641 1137 4710 εὐθηνία.
1159 4633 1309 4717 com]
1328 4640 1368 4694 καλ
1385 4640 1459 4712 εὕρο-

420 4714 506 4798 miae]
530 4718 589 4775 xvii
604 4735 628 4790 1,
649 4719 802 4778 Peccatum
822 4721 921 4778 ,Ιιιθαα
959 4723 1050 4793 χωρία.
1101 4718 1258 4778 Corinthus
1291 4718 1368 4777 enim
1400 4717 1460 4778 illia

420 4798 612 4874 scriptumest
631 4801 704 4875 stylo
714 4801 920 4876 ferreo-eea·
960 4802 1144 4878 temporibus,
1170 4808 1205 4860 ut
1238 4799 1461 4877 Ohryaoatomua

420 4883 813 4956 ratmaaeperlatitmdinem
826 4883 920 4941 cordia
959 4883 989 4939 in
1023 4890 1192 4961 argumento
1219 4881 1235 4939 I
1262 4882 1299 4940 ad
1326 4880 1457 4941 Corinth.

420 4980 526 5018 eorum.
548 4962 670 5022 WOTT.
726 4964 813 5042 Apud
837 4964 919 5022 LXX
959 4964 1050 5040 Epist.
1072 4964 1175 5023 author
1194 4970 1247 5036 eat,
1266 4963 1335 5023 urba
1355 4982 1461 5041 magna

421 5040 564 5101 Jeremiae
584 5044 663 5104 loeua
684 5046 800 5105 exhibet
822 5047 853 5104 in
874 5046 917 5105 ed.
959 5046 1015 5105 fuit
1047 5051 1088 5103 καὶ
1113 5046 1320 5119 πολυάνθρωπα,
1346 5045 1460 5103 :haim

422 5123 921 5201 0οωρ111δ.ίπὶπλακδςτῆςιαιρδίας
961 5130 1001 5184 καὶ
1028 5130 1125 5202 σοφίας
1151 5127 1233 5185 ἕνεκεν
1254 5126 1396 5200 θωμαοτῆ.
1420 5128 1461 5185 mi
