3250 6617
486 1078 547 1143 ΑΙ)
570 1076 861 1155 CORINTHIOS,
878 1078 897 1139 l.
1144 1078 1207 1146 189

168 1252 355 1352 Scriptum
389 1250 486 1323 enim
520 1260 586 1335 est,
620 1247 825 1346 lnprcclerc
860 1247 900 1321 ln
940 1248 1108 1322 calicula
1142 1262 1205 1322 lna
1221 1269 1360 1319 namn

164 1368 376 1467 paullulum
409 1366 777 1463 quantulamcunque,
811 1363 926 1438 ‹lo-nec
960 1365 1022 1439 lra.
1058 1392 1138 1439 olen
1175 1380 1206 1439 et
1221 1350 1258 1384 ²⁰⁴

160 1486 278 1583 suren·
305 1495 568 1583 peatrcascat:
614 1494 646 1554 et
679 1479 904 1554 recordabor
933 1481 1013 1555 eliel
1046 1482 1140 1567 loa-l,
1175 1497 1207 1557 et
1221 1502 1308 1551 uzeca.

1220 1569 1305 1616 xxxvii
1320 1583 1358 1627 η,

170 1600 348 1675 suscitabo
377 1626 439 1674 vos
469 1626 487 1672 e-
513 1596 717 1695 sepulchris
746 1596 882 1671 cestris.
935 1598 1042 1672 Beati
1071 1626 1206 1685 sumus,
1223 1648 1258 1695 ¹3·

170 1718 301 1804 dilecti,
334 1716 367 1790 si
400 1726 593 1815 praecepta
622 1714 692 1787 Dei
726 1714 765 1785 in
799 1713 987 1789 charimtis
1021 1699 1318 1813 concordiaffl·

170 1834 448 1933 impleverim,
482 1841 526 1905 nt
557 1856 622 1929 per
653 1829 870 1903 charitatem
903 1842 1050 1929 peccata
1083 1841 1208 1907 nostra

170 1951 273 2026 nobis
288 1950 548 2036 remittantur;
575 1946 752 2044 seriptum
778 1947 875 2019 enim
901 1959 966 2034 est,
985 1949 1097 2021 Becdl
1122 1976 1207 2046 qno-
1220 1970 1260 2018 Pa.
1274 1970 1344 2017 xxxa

170 2094 253 2142 ram
288 2066 461 2141 remissae
488 2078 572 2139 saliit
605 2062 828 2160 iniquitates,
859 2078 890 2137 et
925 2091 1079 2161 qno-anm
1116 2080 1206 2140 tecta
1223 2051 1243 2095 ¹'
1258 2050 1280 2083 ²‘

167 2198 249 2257 sunt
274 2196 439 2283 peccata.
491 2182 630 2255 Beatus
654 2178 715 2252 nin
732 2180 794 2253 eal
817 2207 887 2254 nora
915 2181 1114 2280 napata-lit
1130 2183 1208 2256 Do-

167 2468 278 2528 sionem
301 2472 483 2543 peecatorum
505 2483 555 2521 seu
576 2461 667 2520 lunti-
707 2464 785 2521 modi
807 2486 825 2521 a
844 2465 920 2541 stylo
938 2465 1093 2524 Clementis
1117 2466 1206 2523 nostri

167 2550 330 2609 ficationem
363 2545 590 2623 consequendum
615 2544 667 2602 tri-
708 2545 825 2604 minime
848 2547 1001 2615 abhorret;
1023 2554 1109 2623 atquc
1127 2547 1206 2618 mihi,

168 2632 265 2697 tuere,
279 2650 365 2707 quam
377 2627 481 2688 tribuit
495 2626 576 2685 Fidei
590 2624 667 2700 Apo-
708 2626 843 2686 Codicem
858 2628 976 2687 MStum
994 2629 1150 2687 identidem
1164 2630 1205 2685 in-

168 2713 261 2773 stolus
271 2711 383 2783 Paulus,
393 2710 579 2787 eujnstameu
589 2726 668 2763 men·
707 2709 847 2784 spicienti,
861 2731 1027 2787 persuasum
1046 2718 1089 2768 est
1103 2711 1207 2768 lineam

169 2804 230 2855 tem
249 2794 381 2871 ignorare
401 2800 453 2849 aut
466 2791 502 2848 ab
515 2810 549 2847 ea
567 2788 666 2845 delice-
708 2790 853 2849 sinistram
867 2792 966 2851 literae
982 2803 1005 2847 Η
1020 2792 1112 2849 adhue
1130 2793 1206 2849 cerni

168 2884 231 2935 tere
240 2895 299 2933 non
309 2873 405 2952 potuit
414 2872 564 2931 Clemens:
579 2870 667 2926 immo
707 2890 798 2947 posse.
835 2874 866 2929 ln
881 2874 937 2931 fine
951 2874 1041 2932 lineae
1054 2873 1207 2950 superioris

168 2958 270 3017 eodem
291 2956 374 3033 plane
397 2954 491 3013 utitur
514 2951 604 3009 lenna
627 2950 668 3008 lo-
708 2960 767 3011 tres
777 2953 877 3012 literne
889 2966 947 3011 an
958 2956 1207 3032 perienmtcvoec

169 3036 285 3117 quendi,
301 3039 382 3096 οὗτος
402 3042 417 3092 ὁ
439 3036 596 3107 μακαρισμὸς
614 3034 667 3106 ἐγέ-
709 3045 892 3105 ΑΦΕΘΗΝΛΙ,
920 3037 993 3095 sieut
1018 3037 1046 3093 in
1076 3037 1207 3094 inferiore

169 3144 227 3177 nro
247 3122 289 3177 lai
309 3142 331 3177 a
347 3143 372 3175 τ.
386 3123 412 3176 λ.
430 3136 488 3195 qua
508 3114 612 3173 Paulus
632 3113 668 3169 ad
709 3116 781 3173 duae
795 3117 919 3193 syllabae
932 3118 1041 3194 priores
1055 3119 1132 3176 vocis
1151 3129 1207 3173 ΑΦ-

168 3200 253 3261 Rom.
278 3201 310 3259 iv
334 3220 361 3275 9,
390 3200 420 3254 ‘0
445 3199 602 3270 μακαρισμὸς
625 3195 670 3249 οὖν
709 3207 854 3256 ΕΘΗΣΑΝ.
899 3200 996 3272 Quum
1016 3200 1105 3277 igitur
1123 3200 1208 3257 libru-

169 3284 244 3341 οὗτοι·
265 3306 289 3338 κ.
307 3306 331 3337 r.
348 3287 374 3339 λ.
398 3279 570 3354 tandemque
592 3275 668 3333 idem
709 3280 777 3352 rins,
797 3280 826 3336 in
851 3281 932 3338 lineis
957 3280 1127 3351 claudendis,
1145 3288 1207 3339 ton-

170 3362 291 3422 Davidis
300 3361 498 3421 testimonium
508 3358 624 3415 adhibet
632 3356 668 3414 ad
709 3369 772 3417 tum
786 3381 843 3418 non
864 3382 975 3438 semper
994 3362 1158 3420 minusculis
1174 3362 1208 3419 li-

170 3444 415 3505 confirmationem
428 3442 514 3518 hujus
524 3438 669 3497 doctrinam
709 3442 778 3500 teris
793 3450 899 3515 utatur,
914 3444 1026 3501 chasma
1045 3452 1122 3502 corte
1139 3444 1207 3502 satis

170 3526 208 3585 de
220 3526 377 3585 t‘hsritatis
391 3524 513 3583 effimcia
529 3522 565 3579 sd
579 3519 670 3579 Justi·
708 3523 820 3597 largum
834 3524 977 3583 habemus.

170 3608 343 3675 ficationem,
366 3626 404 3665 ex
425 3624 482 3682 quo
506 3602 587 3661 Fidei
610 3600 669 3657 vim
751 3608 777 3662 8.
804 3608 839 3661 ὧν
859 3602 1035 3685 [dodonem]
1060 3608 1094 3661 ὧν
1116 3606 1208 3664 literis

170 3688 232 3749 sine
253 3688 387 3767 operibus
406 3686 541 3745 docuerat
555 3683 668 3751 Paulus,
710 3686 837 3744 miniatis
850 3687 869 3744 J
871 3687 954 3744 nnius
966 3708 974 3758 3
987 3706 1086 3743 venun
1098 3687 1127 3744 in
1137 3688 1206 3746 Cod.

171 3770 257 3829 Rom.
279 3770 310 3829 iv
334 3771 422 3840 6—8,
446 3775 480 3826 ut
507 3766 591 3841 longe
615 3763 670 3821 cla·
710 3767 905 3844 usqueadhuc
919 3787 1050 3844 expresse
1064 3768 1175 3843 legitur.

171 3852 317 3911 rissimum
332 3851 379 3923 sit,
393 3868 539 3925 nunquam
558 3850 671 3905 muetos
750 3850 787 3907 ib.
806 3851 847 3904 καὶ
868 3846 913 3928 ὧν]
941 3848 1062 3906 Fallitur
1081 3850 1208 3907 doetissi-

171 3932 225 3993 hos
242 3932 319 3991 viros
339 3940 401 3991 tam
422 3930 557 3988 subtilem
578 3926 670 3985 notio·
712 3951 775 3988 mus
789 3930 905 4002 Millius,
915 3930 962 4007 qui
974 3938 1072 3988 monet
1082 3930 1112 3987 in
1124 3931 1209 3989 usto

172 4034 238 4074 nem
266 4014 347 4073 Fidei
373 4012 469 4071 animo
501 4010 670 4086 concepisse,
710 4020 823 4071 exstare
838 4022 879 4084 u,
899 4012 1209 4089 ioliuinenin1,quam-

172 4116 246 4174 qune
272 4095 453 4154 sanctitatem
481 4092 671 4152 Chadtotcm-
711 4094 754 4152 vis
776 4094 878 4152 misero
898 4094 1045 4166 detritum,
1060 4094 1081 4151 ni
1103 4094 1132 4151 in
1146 4115 1209 4171 per-

172 4197 228 4255 que
254 4178 292 4235 ab
318 4198 352 4235 eo
378 4182 546 4234 removerat.
589 4173 672 4229 Patet
711 4176 922 4253 pendicularem
943 4184 1069 4234 ereetum
1085 4176 1153 4234 selis
1167 4197 1210 4233 rn-

172 4259 259 4319 etiam
279 4258 422 4336 quomodo
443 4255 669 4333 intelligendum,
712 4257 767 4315 diis
801 4266 970 4333 opponatur,
1002 4257 1123 4333 vestigio
1156 4258 1209 4315 im.

172 4340 250 4417 quod
275 4340 291 4415 ξ
311 4360 348 4414 32
370 4340 531 4397 inculcaret
555 4334 668 4393 FREY.
713 4358 809 4416 pressa
822 4338 921 4396 literae
935 4349 958 4394 N
972 4338 1063 4396 adhuc
1077 4338 1200 4397 exhibet.

173 4422 254 4481 Cone
270 4421 387 4479 omnino
398 4420 473 4479 Bulli
482 4418 671 4477 Harmoniam
756 4440 781 4493 9.
803 4420 834 4475 οὗ
855 4416 896 4499 οὐ]
921 4420 966 4477 lta
988 4440 1017 4477 so
1038 4419 1124 4479 habet
1139 4420 1208 4478 Uod.

172 4500 378 4581 Apostolicam‚
390 4502 508 4561 Dissert.
522 4500 598 4559 Post
610 4520 669 4577 cup.
714 4502 776 4559 MS.
791 4507 855 4558 tum
876 4500 929 4558 hoc
947 4502 975 4557 in
993 4500 1139 4572 loeo,t1un
1163 4502 1209 4561 Ps.

172 4584 215 4642 xii
238 4584 253 4661 §
278 4599 324 4658 27,
345 4591 415 4643 tom.
441 4584 472 4641 iii
496 4604 523 4659 p.
548 4601 603 4657 232
627 4582 668 4639 ed.
712 4582 803 4641 xxxii.
845 4580 1210 4659 venundationem

172 4664 293 4725 Burton.
711 4667 753 4737 μή.
808 4663 855 4721 Sic
879 4664 906 4720 S.
930 4662 1034 4721 Paulus
1061 4665 1098 4721 ad
1126 4664 1209 4722 Rom.

214 4762 242 4821 7.
255 4750 380 4821 ἁμαρτίας
395 4741 513 4825 [iperi]
536 4743 582 4803 Sic
597 4744 669 4801 Edd.
717 4744 759 4826 [iv
777 4742 808 4824 8]
824 4745 979 4820 cadentque
1001 4745 1085 4803 niodo
1106 4746 1211 4822 legitur

171 4848 261 4905 nsque
284 4828 321 4886 sd
345 4828 434 4886 Wott.
454 4826 504 4904 qui
524 4826 672 4885 contendit
712 4828 741 4884 in
764 4826 897 4884 Hebraeo
917 4834 1010 4899 textu,
1024 4835 1053 4885 ct
1068 4828 1211 4885 Vennoni-

172 4929 265 4987 nequc
286 4916 400 4969 exstare
423 4909 453 4966 in
481 4908 567 4967 MSto
594 4909 671 4965 vocis
711 4910 766 4966 bns
787 4908 937 4965 omnibus:
959 4906 980 4984 ᾧ
1004 4908 1092 4981 igitur
1113 4909 1209 4985 genui-

172 4992 243 5063 ἡμῶν
265 4992 399 5069 spatium,
415 5009 507 5067 neque
528 4990 565 5046 ed
588 4989 672 5065 perfi-
712 5010 779 5047 nam
800 5009 861 5047 esse
884 4989 1036 5047 lectionem
1058 4989 1191 5047 existimo
1203 5011 1211 5062 3

171 5072 303 5131 ciendam
326 5071 497 5131 sententiam
521 5070 582 5147 ejus
603 5090 675 5147 opus
714 5073 750 5129 ad
772 5072 847 5129 idem
861 5090 929 5128 vero
949 5070 1030 5139 redit,
1045 5071 1105 5129 sive
1118 5069 1139 5149 ᾦ
1153 5072 1212 5130 sive

172 5174 242 5215 esse
264 5154 451 5213 Abundantis
464 5172 563 5211 verum
577 5152 674 5229 hujus·
715 5153 893 5230 allegamus.
917 5151 1036 5210 WOl'l.
