<?xml version="1.0" encoding="UTF-8"?>
<!DOCTYPE html PUBLIC "-//W3C//DTD XHTML 1.0 Transitional//EN"
    "http://www.w3.org/TR/xhtml1/DTD/xhtml1-transitional.dtd">
<html xmlns="http://www.w3.org/1999/xhtml" xml:lang="en" lang="en">
 <head>
  <title>
</title>
<meta http-equiv="Content-Type" content="text/html;charset=utf-8" />
  <meta name='ocr-system' content='tesseract 3.04.00' />
  <meta name='ocr-capabilities' content='ocr_page ocr_carea ocr_par ocr_line ocrx_word'/>
</head>
<body>
  <div class='ocr_page' id='page_1' title='image "./sclementisroman00polygoog_0459.png"; bbox 0 0 3250 6617; ppageno 0'>
   <div class='ocr_carea' id='block_1_1' title="bbox 350 1047 414 1109">
    <p class='ocr_par' dir='ltr' id='par_1_1' title="bbox 350 1047 414 1109">
     <span class='ocr_line' id='line_1_1' title="bbox 350 1047 414 1109; baseline -0.016 0"><span class='ocrx_word' id='word_1_1' title='bbox 350 1047 414 1109; x_wconf 74' lang='lat'>102</span> 
     </span>
    </p>
   </div>
   <div class='ocr_carea' id='block_1_2' title="bbox 392 1212 904 5268">
    <p class='ocr_par' dir='ltr' id='par_1_2' title="bbox 392 1212 904 5268">
     <span class='ocr_line' id='line_1_2' title="bbox 392 1212 896 1287; baseline 0.012 -21"><span class='ocrx_word' id='word_1_2' title='bbox 392 1212 503 1285; x_wconf 75' lang='grc' dir='ltr'>ἀδελφοί</span> <span class='ocrx_word' id='word_1_3' title='bbox 510 1237 518 1276; x_wconf 76' lang='lat'><em>3</em></span> <span class='ocrx_word' id='word_1_4' title='bbox 534 1232 583 1286; x_wconf 83' lang='lat'>33.</span> <span class='ocrx_word' id='word_1_5' title='bbox 612 1217 626 1268; x_wconf 88' lang='lat' dir='ltr'><strong><em>b</em></strong></span> <span class='ocrx_word' id='word_1_6' title='bbox 639 1213 748 1282; x_wconf 85' lang='grc' dir='ltr'>ποιήσας</span> <span class='ocrx_word' id='word_1_7' title='bbox 761 1215 832 1284; x_wconf 82' lang='grc' dir='ltr'>ήμᾶς.</span> <span class='ocrx_word' id='word_1_8' title='bbox 850 1217 896 1287; x_wconf 84' lang='grc'>38.</span> 
     </span>
     <span class='ocr_line' id='line_1_3' title="bbox 392 1295 898 1367; baseline 0.006 -18"><span class='ocrx_word' id='word_1_9' title='bbox 392 1295 472 1349; x_wconf 85' lang='grc' dir='ltr'>πάντα</span> <span class='ocrx_word' id='word_1_10' title='bbox 494 1296 564 1364; x_wconf 70' lang='grc' dir='ltr'>τάξει</span> <span class='ocrx_word' id='word_1_11' title='bbox 583 1299 664 1350; x_wconf 82' lang='grc' dir='ltr'>ποιεῖν</span> <span class='ocrx_word' id='word_1_12' title='bbox 683 1297 829 1367; x_wconf 83' lang='grc' dir='ltr'>ὀφείλομεν.</span> <span class='ocrx_word' id='word_1_13' title='bbox 852 1314 898 1366; x_wconf 85' lang='grc' dir='ltr'>4ο.</span> 
     </span>
     <span class='ocr_line' id='line_1_4' title="bbox 392 1378 899 1449; baseline 0.008 -20"><span class='ocrx_word' id='word_1_14' title='bbox 392 1380 522 1433; x_wconf 81' lang='grc' dir='ltr'>ποιοῦντες</span> <span class='ocrx_word' id='word_1_15' title='bbox 549 1378 594 1433; x_wconf 84' lang='grc' dir='ltr'>τὰς</span> <span class='ocrx_word' id='word_1_16' title='bbox 620 1379 776 1449; x_wconf 82' lang='grc' dir='ltr'>προσφοράς</span> <span class='ocrx_word' id='word_1_17' title='bbox 809 1379 899 1433; x_wconf 80' lang='grc' dir='ltr'>αὐτῶν.</span> 
     </span>
     <span class='ocr_line' id='line_1_5' title="bbox 393 1453 900 1530; baseline 0.002 -19"><span class='ocrx_word' id='word_1_18' title='bbox 393 1453 430 1512; x_wconf 87' lang='lat' dir='ltr'>ib.</span> <span class='ocrx_word' id='word_1_19' title='bbox 473 1460 542 1530; x_wconf 85' lang='grc' dir='ltr'>παρὰ</span> <span class='ocrx_word' id='word_1_20' title='bbox 564 1461 593 1512; x_wconf 90' lang='lat' dir='ltr'>rb</span> <span class='ocrx_word' id='word_1_21' title='bbox 616 1459 722 1527; x_wconf 76' lang='grc' dir='ltr'>καθῆκον</span> <span class='ocrx_word' id='word_1_22' title='bbox 738 1461 782 1528; x_wconf 72' lang='grc' dir='ltr'>τῆς</span> <span class='ocrx_word' id='word_1_23' title='bbox 803 1458 900 1527; x_wconf 84' lang='grc' dir='ltr'>βουλή-</span> 
     </span>
     <span class='ocr_line' id='line_1_6' title="bbox 394 1538 903 1609; baseline 0.008 -18"><span class='ocrx_word' id='word_1_24' title='bbox 394 1559 462 1595; x_wconf 91' lang='grc' dir='ltr'>σεως</span> <span class='ocrx_word' id='word_1_25' title='bbox 483 1540 560 1594; x_wconf 82' lang='grc' dir='ltr'>αὐτοῦ</span> <span class='ocrx_word' id='word_1_26' title='bbox 580 1538 711 1596; x_wconf 85' lang='grc' dir='ltr'>ποιοῦντές</span> <span class='ocrx_word' id='word_1_27' title='bbox 729 1562 761 1595; x_wconf 90' lang='grc' dir='ltr'>τι.</span> <span class='ocrx_word' id='word_1_28' title='bbox 780 1558 826 1609; x_wconf 81' lang='grc'>41.</span> <span class='ocrx_word' id='word_1_29' title='bbox 861 1539 903 1595; x_wconf 82' lang='grc' dir='ltr'>οῦ·</span> 
     </span>
     <span class='ocr_line' id='line_1_7' title="bbox 393 1620 904 1692; baseline 0.008 -20"><span class='ocrx_word' id='word_1_30' title='bbox 393 1641 444 1676; x_wconf 89' lang='grc' dir='ltr'>τως</span> <span class='ocrx_word' id='word_1_31' title='bbox 470 1620 596 1689; x_wconf 85' lang='grc' dir='ltr'>ἐποίησεν.</span> <span class='ocrx_word' id='word_1_32' title='bbox 634 1639 680 1692; x_wconf 79' lang='grc'>43.</span> <span class='ocrx_word' id='word_1_33' title='bbox 736 1622 778 1675; x_wconf 78' lang='grc' dir='ltr'>διὰ</span> <span class='ocrx_word' id='word_1_34' title='bbox 805 1624 835 1674; x_wconf 88' lang='lat' dir='ltr'>rb</span> <span class='ocrx_word' id='word_1_35' title='bbox 863 1624 904 1676; x_wconf 88' lang='grc' dir='ltr'>καὶ</span> 
     </span>
     <span class='ocr_line' id='line_1_8' title="bbox 394 1703 897 1773; baseline 0.008 -20"><span class='ocrx_word' id='word_1_36' title='bbox 394 1703 451 1755; x_wconf 91' lang='grc' dir='ltr'>τότε</span> <span class='ocrx_word' id='word_1_37' title='bbox 464 1703 632 1773; x_wconf 86' lang='grc' dir='ltr'>προσκλίσεις</span> <span class='ocrx_word' id='word_1_38' title='bbox 651 1703 715 1771; x_wconf 75' lang='grc' dir='ltr'>ὑμᾶς</span> <span class='ocrx_word' id='word_1_39' title='bbox 734 1703 897 1770; x_wconf 80' lang='grc' dir='ltr'>πεποιήσθω.</span> 
     </span>
     <span class='ocr_line' id='line_1_9' title="bbox 396 1783 900 1855; baseline 0.002 -19"><span class='ocrx_word' id='word_1_40' title='bbox 396 1796 443 1854; x_wconf 84' lang='lat'>47.</span> <span class='ocrx_word' id='word_1_41' title='bbox 472 1783 556 1855; x_wconf 78' lang='grc' dir='ltr'>ἀγάπη</span> <span class='ocrx_word' id='word_1_42' title='bbox 583 1784 664 1837; x_wconf 87' lang='grc' dir='ltr'>πάντα</span> <span class='ocrx_word' id='word_1_43' title='bbox 691 1785 759 1837; x_wconf 90' lang='grc' dir='ltr'>ποιεῖ</span> <span class='ocrx_word' id='word_1_44' title='bbox 786 1785 813 1837; x_wconf 88' lang='grc' dir='ltr'>ἐν</span> <span class='ocrx_word' id='word_1_45' title='bbox 839 1786 900 1852; x_wconf 86' lang='grc' dir='ltr'>ὀμο·</span> 
     </span>
     <span class='ocr_line' id='line_1_10' title="bbox 395 1865 902 1937; baseline 0 -19"><span class='ocrx_word' id='word_1_46' title='bbox 395 1865 456 1935; x_wconf 72' lang='grc' dir='ltr'>ναίᾳ.</span> <span class='ocrx_word' id='word_1_47' title='bbox 474 1882 520 1936; x_wconf 82' lang='lat'>49.</span> <span class='ocrx_word' id='word_1_48' title='bbox 553 1865 575 1918; x_wconf 86' lang='grc' dir='ltr'>εί</span> <span class='ocrx_word' id='word_1_49' title='bbox 596 1865 627 1918; x_wconf 85' lang='lat' dir='ltr'>rb</span> <span class='ocrx_word' id='word_1_50' title='bbox 648 1866 834 1937; x_wconf 78' lang='grc' dir='ltr'>προστάγματα</span> <span class='ocrx_word' id='word_1_51' title='bbox 856 1869 902 1919; x_wconf 86' lang='grc' dir='ltr'>τοῦ</span> 
     </span>
     <span class='ocr_line' id='line_1_11' title="bbox 396 1945 902 2017; baseline 0.002 -16"><span class='ocrx_word' id='word_1_52' title='bbox 396 1949 463 2001; x_wconf 86' lang='grc' dir='ltr'>θεοῦ</span> <span class='ocrx_word' id='word_1_53' title='bbox 489 1947 629 2015; x_wconf 78' lang='grc' dir='ltr'>ἐποιοῦμεν.</span> <span class='ocrx_word' id='word_1_54' title='bbox 659 1958 706 2017; x_wconf 91' lang='lat'>50.</span> <span class='ocrx_word' id='word_1_55' title='bbox 748 1945 902 2015; x_wconf 86' lang='grc' dir='ltr'>ποιήσαντος</span> 
     </span>
     <span class='ocr_line' id='line_1_12' title="bbox 395 2027 901 2099; baseline -0.004 -17"><span class='ocrx_word' id='word_1_56' title='bbox 395 2029 584 2099; x_wconf 89' lang='grc' dir='ltr'>τεσσαράκοντα</span> <span class='ocrx_word' id='word_1_57' title='bbox 612 2027 712 2099; x_wconf 76' lang='grc' dir='ltr'>ἡμέρας.</span> <span class='ocrx_word' id='word_1_58' title='bbox 743 2040 789 2098; x_wconf 80' lang='grc'>53.</span> <span class='ocrx_word' id='word_1_59' title='bbox 836 2032 901 2082; x_wconf 84' lang='grc' dir='ltr'>ποιῶ</span> 
     </span>
     <span class='ocr_line' id='line_1_13' title="bbox 396 2107 899 2179; baseline -0.004 -16"><span class='ocrx_word' id='word_1_60' title='bbox 396 2111 429 2163; x_wconf 81' lang='grc' dir='ltr'>τὰ</span> <span class='ocrx_word' id='word_1_61' title='bbox 450 2111 667 2179; x_wconf 80' lang='grc' dir='ltr'>προστασσόμενα</span> <span class='ocrx_word' id='word_1_62' title='bbox 691 2110 740 2162; x_wconf 83' lang='lat' dir='ltr'><strong><em>brrb</em></strong></span> <span class='ocrx_word' id='word_1_63' title='bbox 763 2113 809 2163; x_wconf 87' lang='grc' dir='ltr'>τοῦ</span> <span class='ocrx_word' id='word_1_64' title='bbox 833 2107 899 2177; x_wconf 83' lang='grc' dir='ltr'>πλή-</span> 
     </span>
     <span class='ocr_line' id='line_1_14' title="bbox 397 2188 900 2262; baseline -0.004 -18"><span class='ocrx_word' id='word_1_65' title='bbox 397 2190 465 2246; x_wconf 87' lang='grc' dir='ltr'>θους.</span> <span class='ocrx_word' id='word_1_66' title='bbox 482 2205 530 2261; x_wconf 81' lang='lat'>54.</span> <span class='ocrx_word' id='word_1_67' title='bbox 554 2194 634 2243; x_wconf 85' lang='grc' dir='ltr'>Τοῦτο</span> <span class='ocrx_word' id='word_1_68' title='bbox 645 2192 659 2244; x_wconf 83' lang='grc' dir='ltr'>ό</span> <span class='ocrx_word' id='word_1_69' title='bbox 669 2189 777 2258; x_wconf 85' lang='grc' dir='ltr'>ποιήσας</span> <span class='ocrx_word' id='word_1_70' title='bbox 834 2188 900 2262; x_wconf 84' lang='grc' dir='ltr'>μέγα</span> 
     </span>
     <span class='ocr_line' id='line_1_15' title="bbox 396 2269 901 2339; baseline 0 -14"><span class='ocrx_word' id='word_1_71' title='bbox 396 2270 476 2327; x_wconf 93' lang='grc' dir='ltr'>κλέος.</span> <span class='ocrx_word' id='word_1_72' title='bbox 492 2269 529 2326; x_wconf 86' lang='lat' dir='ltr'>ib.</span> <span class='ocrx_word' id='word_1_73' title='bbox 584 2274 667 2325; x_wconf 83' lang='grc' dir='ltr'>Ταῦτα</span> <span class='ocrx_word' id='word_1_74' title='bbox 726 2272 849 2339; x_wconf 86' lang='grc' dir='ltr'>ἐποίησαν</span> <span class='ocrx_word' id='word_1_75' title='bbox 860 2273 901 2325; x_wconf 84' lang='grc' dir='ltr'>καί</span> 
     </span>
     <span class='ocr_line' id='line_1_16' title="bbox 395 2349 901 2421; baseline -0.004 -13"><span class='ocrx_word' id='word_1_76' title='bbox 395 2350 556 2420; x_wconf 89' lang='grc' dir='ltr'>ποιήσουσιν.</span> <span class='ocrx_word' id='word_1_77' title='bbox 577 2349 615 2407; x_wconf 84' lang='lat' dir='ltr'>ib.</span> <span class='ocrx_word' id='word_1_78' title='bbox 659 2353 674 2421; x_wconf 88' lang='grc' dir='ltr'>ή</span> <span class='ocrx_word' id='word_1_79' title='bbox 702 2353 849 2420; x_wconf 86' lang='grc' dir='ltr'>νουθέτησις</span> <span class='ocrx_word' id='word_1_80' title='bbox 871 2351 901 2421; x_wconf 80' lang='grc' dir='ltr'>ήν</span> 
     </span>
     <span class='ocr_line' id='line_1_17' title="bbox 395 2432 900 2504; baseline 0 -16"><span class='ocrx_word' id='word_1_81' title='bbox 395 2432 533 2502; x_wconf 79' lang='grc' dir='ltr'>ποιούμεθα</span> <span class='ocrx_word' id='word_1_82' title='bbox 556 2435 592 2490; x_wconf 86' lang='grc' dir='ltr'>είς</span> <span class='ocrx_word' id='word_1_83' title='bbox 614 2433 750 2502; x_wconf 77' lang='grc' dir='ltr'>ἀλλήλους.</span> <span class='ocrx_word' id='word_1_84' title='bbox 778 2433 824 2504; x_wconf 89' lang='lat'>56.</span> <span class='ocrx_word' id='word_1_85' title='bbox 876 2435 900 2488; x_wconf 87' lang='grc' dir='ltr'>οί</span> 
     </span>
     <span class='ocr_line' id='line_1_18' title="bbox 395 2514 899 2584; baseline 0 -16"><span class='ocrx_word' id='word_1_86' title='bbox 395 2515 441 2583; x_wconf 80' lang='grc' dir='ltr'>τήν</span> <span class='ocrx_word' id='word_1_87' title='bbox 461 2516 605 2584; x_wconf 69' lang='grc' dir='ltr'>καταβολὴν</span> <span class='ocrx_word' id='word_1_88' title='bbox 624 2517 668 2583; x_wconf 71' lang='grc' dir='ltr'>τῆς</span> <span class='ocrx_word' id='word_1_89' title='bbox 691 2517 809 2569; x_wconf 87' lang='grc' dir='ltr'>στάσεως</span> <span class='ocrx_word' id='word_1_90' title='bbox 828 2514 899 2584; x_wconf 90' lang='grc' dir='ltr'>ποιή-</span> 
     </span>
     <span class='ocr_line' id='line_1_19' title="bbox 396 2594 900 2666; baseline 0.002 -16"><span class='ocrx_word' id='word_1_91' title='bbox 396 2617 495 2652; x_wconf 79' lang='grc' dir='ltr'>σαντες.</span> <span class='ocrx_word' id='word_1_92' title='bbox 521 2606 569 2666; x_wconf 82' lang='grc'>57,</span> <span class='ocrx_word' id='word_1_93' title='bbox 611 2600 740 2650; x_wconf 84' lang='grc' dir='ltr'>Τοσοῦτον</span> <span class='ocrx_word' id='word_1_94' title='bbox 760 2594 804 2649; x_wconf 81' lang='grc' dir='ltr'>οὖν</span> <span class='ocrx_word' id='word_1_95' title='bbox 827 2597 900 2652; x_wconf 81' lang='grc' dir='ltr'>ἔλεος</span> 
     </span>
     <span class='ocr_line' id='line_1_20' title="bbox 395 2675 901 2751; baseline -0.002 -20"><span class='ocrx_word' id='word_1_96' title='bbox 395 2676 555 2744; x_wconf 87' lang='grc' dir='ltr'>ποιήσαντος.</span> <span class='ocrx_word' id='word_1_97' title='bbox 578 2675 611 2731; x_wconf 89' lang='grc' dir='ltr'>ΙΙ</span> <span class='ocrx_word' id='word_1_98' title='bbox 634 2694 660 2748; x_wconf 83' lang='lat'>3.</span> <span class='ocrx_word' id='word_1_99' title='bbox 702 2677 746 2731; x_wconf 87' lang='grc' dir='ltr'>Ἐν</span> <span class='ocrx_word' id='word_1_100' title='bbox 762 2681 798 2751; x_wconf 75' lang='grc' dir='ltr'>τῷ</span> <span class='ocrx_word' id='word_1_101' title='bbox 819 2681 901 2732; x_wconf 83' lang='grc' dir='ltr'>ποιεῖν</span> 
     </span>
     <span class='ocr_line' id='line_1_21' title="bbox 396 2756 897 2829; baseline 0.004 -19"><span class='ocrx_word' id='word_1_102' title='bbox 396 2757 413 2810; x_wconf 80' lang='grc' dir='ltr'>ά</span> <span class='ocrx_word' id='word_1_103' title='bbox 426 2758 503 2829; x_wconf 80' lang='grc' dir='ltr'>λέγει</span> <span class='ocrx_word' id='word_1_104' title='bbox 515 2756 552 2813; x_wconf 88' lang='lat' dir='ltr'>ib.</span> <span class='ocrx_word' id='word_1_105' title='bbox 595 2757 741 2827; x_wconf 85' lang='grc' dir='ltr'>ποιήσωμεν</span> <span class='ocrx_word' id='word_1_106' title='bbox 750 2760 779 2811; x_wconf 93' lang='lat' dir='ltr'>rb</span> <span class='ocrx_word' id='word_1_107' title='bbox 793 2757 897 2827; x_wconf 83' lang='grc' dir='ltr'>θέλημα</span> 
     </span>
     <span class='ocr_line' id='line_1_22' title="bbox 398 2836 901 2909; baseline -0.002 -14"><span class='ocrx_word' id='word_1_108' title='bbox 398 2851 424 2909; x_wconf 89' lang='lat'>5.</span> <span class='ocrx_word' id='word_1_109' title='bbox 441 2836 485 2895; x_wconf 76' lang='lat' dir='ltr'>Cf.</span> <span class='ocrx_word' id='word_1_110' title='bbox 499 2839 524 2894; x_wconf 89' lang='lat'>6.</span> <span class='ocrx_word' id='word_1_111' title='bbox 563 2839 594 2892; x_wconf 83' lang='grc' dir='ltr'>Τι’</span> <span class='ocrx_word' id='word_1_112' title='bbox 607 2838 652 2893; x_wconf 84' lang='grc' dir='ltr'>οῦν</span> <span class='ocrx_word' id='word_1_113' title='bbox 664 2840 735 2894; x_wconf 88' lang='grc' dir='ltr'>ἐστιν</span> <span class='ocrx_word' id='word_1_114' title='bbox 747 2837 901 2907; x_wconf 88' lang='grc' dir='ltr'>ποιήσαντας</span> 
     </span>
     <span class='ocr_line' id='line_1_23' title="bbox 397 2921 900 2992; baseline 0.002 -19"><span class='ocrx_word' id='word_1_115' title='bbox 397 2921 524 2990; x_wconf 77' lang='grc' dir='ltr'>ἐπιτυχεῖν</span> <span class='ocrx_word' id='word_1_116' title='bbox 537 2921 635 2983; x_wconf 86' lang='grc' dir='ltr'>αῦτῶν,·</span> <span class='ocrx_word' id='word_1_117' title='bbox 651 2932 677 2991; x_wconf 87' lang='grc'>5.</span> <span class='ocrx_word' id='word_1_118' title='bbox 703 2925 838 2976; x_wconf 86' lang='grc' dir='ltr'>Ποιοῦντες</span> <span class='ocrx_word' id='word_1_119' title='bbox 850 2922 900 2992; x_wconf 84' lang='grc' dir='ltr'>γὰρ</span> 
     </span>
     <span class='ocr_line' id='line_1_24' title="bbox 396 3000 899 3070; baseline 0 -16"><span class='ocrx_word' id='word_1_120' title='bbox 396 3003 426 3054; x_wconf 93' lang='lat' dir='ltr'>rb</span> <span class='ocrx_word' id='word_1_121' title='bbox 440 3001 545 3070; x_wconf 84' lang='grc' dir='ltr'>θελημα.</span> <span class='ocrx_word' id='word_1_122' title='bbox 569 3002 594 3056; x_wconf 94' lang='grc'>6.</span> <span class='ocrx_word' id='word_1_123' title='bbox 637 3000 788 3070; x_wconf 86' lang='grc' dir='ltr'>ποιήσαντες</span> <span class='ocrx_word' id='word_1_124' title='bbox 808 3004 838 3055; x_wconf 85' lang='lat' dir='ltr'>rb</span> <span class='ocrx_word' id='word_1_125' title='bbox 859 3001 899 3056; x_wconf 89' lang='grc' dir='ltr'>θέ-</span> 
     </span>
     <span class='ocr_line' id='line_1_25' title="bbox 396 3080 900 3153; baseline 0.002 -18"><span class='ocrx_word' id='word_1_126' title='bbox 396 3084 464 3151; x_wconf 90' lang='grc' dir='ltr'>λημα</span> <span class='ocrx_word' id='word_1_127' title='bbox 478 3087 523 3136; x_wconf 84' lang='grc' dir='ltr'>τοῦ</span> <span class='ocrx_word' id='word_1_128' title='bbox 537 3085 644 3153; x_wconf 89' lang='grc' dir='ltr'>Πατρός.</span> <span class='ocrx_word' id='word_1_129' title='bbox 668 3084 695 3138; x_wconf 93' lang='grc'>8.</span> <span class='ocrx_word' id='word_1_130' title='bbox 717 3080 759 3138; x_wconf 79' lang='lat' dir='ltr'>Cf.</span> <span class='ocrx_word' id='word_1_131' title='bbox 777 3100 821 3137; x_wconf 92' lang='lat'>10.</span> <span class='ocrx_word' id='word_1_132' title='bbox 857 3084 900 3137; x_wconf 85' lang='grc' dir='ltr'>ἐὰν</span> 
     </span>
     <span class='ocr_line' id='line_1_26' title="bbox 396 3161 900 3233; baseline 0.002 -16"><span class='ocrx_word' id='word_1_133' title='bbox 396 3167 455 3233; x_wconf 77' lang='grc' dir='ltr'>ποιῇ</span> <span class='ocrx_word' id='word_1_134' title='bbox 471 3167 568 3219; x_wconf 83' lang='grc' dir='ltr'>σκεῦος.</span> <span class='ocrx_word' id='word_1_135' title='bbox 588 3164 614 3219; x_wconf 91' lang='lat'>8.</span> <span class='ocrx_word' id='word_1_136' title='bbox 657 3161 717 3218; x_wconf 81' lang='grc' dir='ltr'>Ἐὰν</span> <span class='ocrx_word' id='word_1_137' title='bbox 730 3163 775 3218; x_wconf 84' lang='grc' dir='ltr'>οῦν</span> <span class='ocrx_word' id='word_1_138' title='bbox 787 3163 900 3232; x_wconf 85' lang='grc' dir='ltr'>ποιήσω-</span> 
     </span>
     <span class='ocr_line' id='line_1_27' title="bbox 397 3244 899 3313; baseline 0.002 -15"><span class='ocrx_word' id='word_1_139' title='bbox 397 3266 443 3313; x_wconf 88' lang='grc' dir='ltr'>μεν</span> <span class='ocrx_word' id='word_1_140' title='bbox 469 3246 514 3313; x_wconf 81' lang='grc' dir='ltr'>τὴν</span> <span class='ocrx_word' id='word_1_141' title='bbox 538 3244 703 3313; x_wconf 79' lang='grc' dir='ltr'>δικαιοσύνην.</span> <span class='ocrx_word' id='word_1_142' title='bbox 731 3262 774 3301; x_wconf 90' lang='grc'>11.</span> <span class='ocrx_word' id='word_1_143' title='bbox 818 3247 862 3299; x_wconf 78' lang='grc' dir='ltr'>ἐὰν</span> <span class='ocrx_word' id='word_1_144' title='bbox 884 3249 899 3300; x_wconf 87' lang='grc' dir='ltr'>ὀ</span> 
     </span>
     <span class='ocr_line' id='line_1_28' title="bbox 396 3324 899 3401; baseline 0.002 -23"><span class='ocrx_word' id='word_1_145' title='bbox 396 3326 480 3397; x_wconf 87' lang='grc' dir='ltr'>λέγων</span> <span class='ocrx_word' id='word_1_146' title='bbox 505 3331 574 3395; x_wconf 76' lang='grc' dir='ltr'>ποιῇ.</span> <span class='ocrx_word' id='word_1_147' title='bbox 606 3325 671 3401; x_wconf 74' lang='lat' dir='ltr'><strong>Igu.</strong></span> <span class='ocrx_word' id='word_1_148' title='bbox 695 3324 767 3401; x_wconf 84' lang='lat' dir='ltr'><strong>Eph.</strong></span> <span class='ocrx_word' id='word_1_149' title='bbox 797 3339 841 3397; x_wconf 90' lang='lat'>15.</span> <span class='ocrx_word' id='word_1_150' title='bbox 882 3326 899 3379; x_wconf 79' lang='lat' dir='ltr'><strong><em>b</em></strong></span> 
     </span>
     <span class='ocr_line' id='line_1_29' title="bbox 397 3406 900 3479; baseline 0 -18"><span class='ocrx_word' id='word_1_151' title='bbox 397 3413 477 3479; x_wconf 83' lang='grc' dir='ltr'>σιγῶν</span> <span class='ocrx_word' id='word_1_152' title='bbox 490 3407 517 3460; x_wconf 78' lang='grc' dir='ltr'>δέ</span> <span class='ocrx_word' id='word_1_153' title='bbox 531 3406 670 3476; x_wconf 75' lang='grc' dir='ltr'>πεποίηκεν.</span> <span class='ocrx_word' id='word_1_154' title='bbox 688 3406 726 3463; x_wconf 73' lang='lat' dir='ltr'>ib.</span> <span class='ocrx_word' id='word_1_155' title='bbox 756 3410 843 3462; x_wconf 85' lang='grc' dir='ltr'>Πάντα</span> <span class='ocrx_word' id='word_1_156' title='bbox 856 3407 900 3462; x_wconf 84' lang='grc' dir='ltr'>οὖν</span> 
     </span>
     <span class='ocr_line' id='line_1_30' title="bbox 396 3487 899 3560; baseline 0 -18"><span class='ocrx_word' id='word_1_157' title='bbox 396 3493 513 3556; x_wconf 82' lang='grc' dir='ltr'>ποιῶμεν.</span> <span class='ocrx_word' id='word_1_158' title='bbox 536 3487 572 3544; x_wconf 79' lang='lat' dir='ltr'>ib.</span> <span class='ocrx_word' id='word_1_159' title='bbox 616 3493 630 3542; x_wconf 89' lang='grc' dir='ltr'>ὁ</span> <span class='ocrx_word' id='word_1_160' title='bbox 658 3489 749 3560; x_wconf 80' lang='grc' dir='ltr'>Κύριος</span> <span class='ocrx_word' id='word_1_161' title='bbox 772 3489 831 3542; x_wconf 80' lang='grc' dir='ltr'>άνευ</span> <span class='ocrx_word' id='word_1_162' title='bbox 854 3494 899 3542; x_wconf 87' lang='grc' dir='ltr'>τοῦ</span> 
     </span>
     <span class='ocr_line' id='line_1_31' title="bbox 397 3569 897 3644; baseline 0.006 -22"><span class='ocrx_word' id='word_1_163' title='bbox 397 3572 497 3640; x_wconf 83' lang='grc' dir='ltr'>Πατρὸς</span> <span class='ocrx_word' id='word_1_164' title='bbox 517 3572 589 3624; x_wconf 81' lang='grc' dir='ltr'>οὐδέν</span> <span class='ocrx_word' id='word_1_165' title='bbox 609 3571 734 3639; x_wconf 89' lang='grc' dir='ltr'>ἐποίησεν.</span> <span class='ocrx_word' id='word_1_166' title='bbox 757 3569 853 3644; x_wconf 81' lang='lat' dir='ltr'><strong>Magn.</strong></span> <span class='ocrx_word' id='word_1_167' title='bbox 871 3583 897 3641; x_wconf 92' lang='lat'>7.</span> 
     </span>
     <span class='ocr_line' id='line_1_32' title="bbox 397 3650 898 3723; baseline 0.002 -19"><span class='ocrx_word' id='word_1_168' title='bbox 397 3650 448 3704; x_wconf 81' lang='grc' dir='ltr'>ὅσα</span> <span class='ocrx_word' id='word_1_169' title='bbox 490 3655 576 3719; x_wconf 76' lang='grc' dir='ltr'>ποιῆτε</span> <span class='ocrx_word' id='word_1_170' title='bbox 621 3654 814 3720; x_wconf 80' lang='grc' dir='ltr'>κατευοδωθήτε.</span> <span class='ocrx_word' id='word_1_171' title='bbox 856 3670 898 3723; x_wconf 84' lang='grc'>13.</span> 
     </span>
     <span class='ocr_line' id='line_1_33' title="bbox 398 3731 898 3807; baseline 0.006 -22"><span class='ocrx_word' id='word_1_172' title='bbox 398 3734 486 3803; x_wconf 81' lang='grc' dir='ltr'>ὥσπερ</span> <span class='ocrx_word' id='word_1_173' title='bbox 499 3738 600 3788; x_wconf 85' lang='grc' dir='ltr'>ποιεῖτε.</span> <span class='ocrx_word' id='word_1_174' title='bbox 617 3732 702 3788; x_wconf 79' lang='grc' dir='ltr'>ΤΓιιίί.</span> <span class='ocrx_word' id='word_1_175' title='bbox 721 3751 745 3787; x_wconf 79' lang='lat'>2.</span> <span class='ocrx_word' id='word_1_176' title='bbox 770 3731 810 3788; x_wconf 77' lang='lat' dir='ltr'>Cf.</span> <span class='ocrx_word' id='word_1_177' title='bbox 825 3731 898 3807; x_wconf 80' lang='lat' dir='ltr'><strong>Eph.</strong></span> 
     </span>
     <span class='ocr_line' id='line_1_34' title="bbox 399 3812 898 3883; baseline 0.006 -17"><span class='ocrx_word' id='word_1_178' title='bbox 399 3833 424 3881; x_wconf 89' lang='lat'>4.</span> <span class='ocrx_word' id='word_1_179' title='bbox 477 3812 491 3866; x_wconf 84' lang='lat' dir='ltr'><strong><em>b</em></strong></span> <span class='ocrx_word' id='word_1_180' title='bbox 515 3815 603 3868; x_wconf 86' lang='grc' dir='ltr'>θελετε</span> <span class='ocrx_word' id='word_1_181' title='bbox 627 3819 738 3883; x_wconf 82' lang='grc' dir='ltr'>ποιήσαι.</span> <span class='ocrx_word' id='word_1_182' title='bbox 772 3813 854 3869; x_wconf 67' lang='lat' dir='ltr'><strong>Rom.</strong></span> <span class='ocrx_word' id='word_1_183' title='bbox 875 3832 898 3870; x_wconf 89' lang='lat'>1.</span> 
     </span>
     <span class='ocr_line' id='line_1_35' title="bbox 398 3897 897 3965; baseline 0.008 -18"><span class='ocrx_word' id='word_1_184' title='bbox 398 3897 480 3965; x_wconf 81' lang='grc' dir='ltr'>Χωρὶς</span> <span class='ocrx_word' id='word_1_185' title='bbox 493 3899 539 3948; x_wconf 86' lang='grc' dir='ltr'>τοῦ</span> <span class='ocrx_word' id='word_1_186' title='bbox 553 3897 692 3950; x_wconf 85' lang='grc' dir='ltr'>ἐπισκόπου</span> <span class='ocrx_word' id='word_1_187' title='bbox 706 3897 784 3964; x_wconf 78' lang='grc' dir='ltr'>μηδὲν</span> <span class='ocrx_word' id='word_1_188' title='bbox 796 3900 897 3951; x_wconf 85' lang='grc' dir='ltr'>ποιεῖτε.</span> 
     </span>
     <span class='ocr_line' id='line_1_36' title="bbox 399 3973 898 4048; baseline 0.006 -19"><span class='ocrx_word' id='word_1_189' title='bbox 399 3973 505 4030; x_wconf 80' lang='lat' dir='ltr'><strong>Philad.</strong></span> <span class='ocrx_word' id='word_1_190' title='bbox 533 3989 558 4048; x_wconf 91' lang='lat'>7.</span> <span class='ocrx_word' id='word_1_191' title='bbox 600 3980 629 4030; x_wconf 99' lang='lat' dir='ltr'>rb</span> <span class='ocrx_word' id='word_1_192' title='bbox 651 3976 715 4030; x_wconf 85' lang='grc' dir='ltr'>’ίδιον</span> <span class='ocrx_word' id='word_1_193' title='bbox 737 3977 845 4031; x_wconf 83' lang='grc' dir='ltr'>ἐποίουν.</span> <span class='ocrx_word' id='word_1_194' title='bbox 873 3980 898 4032; x_wconf 90' lang='grc'>8.</span> 
     </span>
     <span class='ocr_line' id='line_1_37' title="bbox 397 4056 901 4131; baseline 0.01 -22"><span class='ocrx_word' id='word_1_195' title='bbox 397 4057 497 4129; x_wconf 78' lang='grc' dir='ltr'>ἀγάπην</span> <span class='ocrx_word' id='word_1_196' title='bbox 511 4061 598 4112; x_wconf 85' lang='grc' dir='ltr'>ποιεῖν.</span> <span class='ocrx_word' id='word_1_197' title='bbox 622 4056 735 4131; x_wconf 74' lang='grc' dir='ltr'>8111γτῐ1.</span> <span class='ocrx_word' id='word_1_198' title='bbox 751 4060 776 4112; x_wconf 90' lang='lat'>8.</span> <span class='ocrx_word' id='word_1_199' title='bbox 820 4062 901 4114; x_wconf 85' lang='grc' dir='ltr'>καλῶς</span> 
     </span>
     <span class='ocr_line' id='line_1_38' title="bbox 398 4138 900 4207; baseline 0.004 -16"><span class='ocrx_word' id='word_1_200' title='bbox 398 4138 533 4207; x_wconf 86' lang='grc' dir='ltr'>ἐποιήσατε</span> <span class='ocrx_word' id='word_1_201' title='bbox 552 4141 738 4207; x_wconf 76' lang='grc' dir='ltr'>ὑποδεξάμενοι,</span> <span class='ocrx_word' id='word_1_202' title='bbox 761 4157 805 4194; x_wconf 90' lang='grc'>10.</span> <span class='ocrx_word' id='word_1_203' title='bbox 848 4144 900 4194; x_wconf 80' lang='grc' dir='ltr'>ὥσ·</span> 
     </span>
     <span class='ocr_line' id='line_1_39' title="bbox 397 4219 901 4294; baseline -0.004 -19"><span class='ocrx_word' id='word_1_204' title='bbox 397 4242 446 4291; x_wconf 88' lang='grc' dir='ltr'>περ</span> <span class='ocrx_word' id='word_1_205' title='bbox 471 4222 511 4273; x_wconf 80' lang='grc' dir='ltr'>καί</span> <span class='ocrx_word' id='word_1_206' title='bbox 537 4224 623 4277; x_wconf 89' lang='grc' dir='ltr'>ποιεῖς.</span> <span class='ocrx_word' id='word_1_207' title='bbox 654 4219 747 4294; x_wconf 84' lang='lat' dir='ltr'><strong>Polyc.</strong></span> <span class='ocrx_word' id='word_1_208' title='bbox 768 4239 790 4275; x_wconf 88' lang='lat'>1.</span> <span class='ocrx_word' id='word_1_209' title='bbox 843 4223 901 4292; x_wconf 79' lang='grc' dir='ltr'>περὶ</span> 
     </span>
     <span class='ocr_line' id='line_1_40' title="bbox 398 4301 900 4372; baseline 0 -18"><span class='ocrx_word' id='word_1_210' title='bbox 398 4301 493 4355; x_wconf 83' lang='grc' dir='ltr'>τοῦτων</span> <span class='ocrx_word' id='word_1_211' title='bbox 506 4304 606 4370; x_wconf 83' lang='grc' dir='ltr'>ὁμιλίαν</span> <span class='ocrx_word' id='word_1_212' title='bbox 618 4307 699 4357; x_wconf 88' lang='grc' dir='ltr'>ποιοῦ.</span> <span class='ocrx_word' id='word_1_213' title='bbox 717 4315 744 4372; x_wconf 90' lang='lat'>5.</span> <span class='ocrx_word' id='word_1_214' title='bbox 787 4303 832 4370; x_wconf 81' lang='grc' dir='ltr'>τήν</span> <span class='ocrx_word' id='word_1_215' title='bbox 843 4303 900 4355; x_wconf 80' lang='grc' dir='ltr'>ἕνω-</span> 
     </span>
     <span class='ocr_line' id='line_1_41' title="bbox 399 4381 902 4440; baseline 0.006 -4"><span class='ocrx_word' id='word_1_216' title='bbox 399 4404 442 4436; x_wconf 92' lang='grc' dir='ltr'>σιν</span> <span class='ocrx_word' id='word_1_217' title='bbox 454 4383 589 4437; x_wconf 89' lang='grc' dir='ltr'>ποιεῖσθαι.</span> <span class='ocrx_word' id='word_1_218' title='bbox 605 4381 641 4437; x_wconf 86' lang='lat' dir='ltr'>ib.</span> <span class='ocrx_word' id='word_1_219' title='bbox 664 4385 700 4440; x_wconf 87' lang='grc' dir='ltr'>είς</span> <span class='ocrx_word' id='word_1_220' title='bbox 716 4387 745 4437; x_wconf 92' lang='lat' dir='ltr'>rb</span> <span class='ocrx_word' id='word_1_221' title='bbox 759 4384 799 4436; x_wconf 84' lang='grc' dir='ltr'>καί</span> <span class='ocrx_word' id='word_1_222' title='bbox 812 4385 902 4439; x_wconf 84' lang='grc' dir='ltr'>αὐτοῦς</span> 
     </span>
     <span class='ocr_line' id='line_1_42' title="bbox 398 4464 902 4534; baseline 0.002 -16"><span class='ocrx_word' id='word_1_223' title='bbox 398 4467 428 4518; x_wconf 94' lang='lat' dir='ltr'>rb</span> <span class='ocrx_word' id='word_1_224' title='bbox 450 4465 511 4517; x_wconf 86' lang='lat' dir='ltr'><strong><em>abrb</em></strong></span> <span class='ocrx_word' id='word_1_225' title='bbox 528 4467 639 4534; x_wconf 81' lang='grc' dir='ltr'>ποιήσαι.</span> <span class='ocrx_word' id='word_1_226' title='bbox 662 4465 688 4519; x_wconf 89' lang='lat'>8.</span> <span class='ocrx_word' id='word_1_227' title='bbox 731 4464 841 4532; x_wconf 79' lang='grc' dir='ltr'>ἀνάθεμα</span> <span class='ocrx_word' id='word_1_228' title='bbox 858 4467 902 4533; x_wconf 82' lang='grc' dir='ltr'>τής</span> 
     </span>
     <span class='ocr_line' id='line_1_43' title="bbox 399 4546 899 4616; baseline 0.006 -18"><span class='ocrx_word' id='word_1_229' title='bbox 399 4547 532 4613; x_wconf 74' lang='grc' dir='ltr'>ἐκκλησίας</span> <span class='ocrx_word' id='word_1_230' title='bbox 571 4546 721 4614; x_wconf 85' lang='grc' dir='ltr'>ποιήσαντες</span> <span class='ocrx_word' id='word_1_231' title='bbox 760 4546 899 4616; x_wconf 77' lang='grc' dir='ltr'>ἄνθρωπον.</span> 
     </span>
     <span class='ocr_line' id='line_1_44' title="bbox 399 4625 899 4702; baseline -0.002 -20"><span class='ocrx_word' id='word_1_232' title='bbox 399 4625 423 4682; x_wconf 84' lang='lat' dir='ltr'>F</span> <span class='ocrx_word' id='word_1_233' title='bbox 424 4646 514 4702; x_wconf 83' lang='lat' dir='ltr'><strong>ragm.</strong></span> <span class='ocrx_word' id='word_1_234' title='bbox 529 4626 546 4682; x_wconf 83' lang='lat' dir='ltr'>i.</span> <span class='ocrx_word' id='word_1_235' title='bbox 602 4628 712 4683; x_wconf 81' lang='grc' dir='ltr'>άνενδεές</span> <span class='ocrx_word' id='word_1_236' title='bbox 731 4626 839 4695; x_wconf 92' lang='grc' dir='ltr'>ποιήσας</span> <span class='ocrx_word' id='word_1_237' title='bbox 857 4670 899 4682; x_wconf 94' lang='grc'>...</span> 
     </span>
     <span class='ocr_line' id='line_1_45' title="bbox 399 4706 903 4777; baseline -0.004 -14"><span class='ocrx_word' id='word_1_238' title='bbox 399 4708 502 4763; x_wconf 76' lang='grc' dir='ltr'>ἐδύνατο</span> <span class='ocrx_word' id='word_1_239' title='bbox 523 4713 597 4763; x_wconf 84' lang='grc' dir='ltr'>τοῦτο</span> <span class='ocrx_word' id='word_1_240' title='bbox 620 4713 732 4777; x_wconf 79' lang='grc' dir='ltr'>ποιήσαι.</span> <span class='ocrx_word' id='word_1_241' title='bbox 757 4706 816 4762; x_wconf 77' lang='lat' dir='ltr'><strong>viii.</strong></span> <span class='ocrx_word' id='word_1_242' title='bbox 858 4709 903 4761; x_wconf 81' lang='grc' dir='ltr'>κάν</span> 
     </span>
     <span class='ocr_line' id='line_1_46' title="bbox 400 4788 899 4860; baseline -0.006 -15"><span class='ocrx_word' id='word_1_243' title='bbox 400 4795 490 4860; x_wconf 85' lang='grc' dir='ltr'>σημεῖα</span> <span class='ocrx_word' id='word_1_244' title='bbox 503 4792 570 4859; x_wconf 82' lang='grc' dir='ltr'>ποίη.</span> <span class='ocrx_word' id='word_1_245' title='bbox 593 4788 630 4846; x_wconf 83' lang='lat' dir='ltr'>ix.</span> <span class='ocrx_word' id='word_1_246' title='bbox 674 4792 716 4843; x_wconf 82' lang='grc' dir='ltr'>ἐὰν</span> <span class='ocrx_word' id='word_1_247' title='bbox 732 4795 843 4858; x_wconf 83' lang='grc' dir='ltr'>ποιῶμεν</span> <span class='ocrx_word' id='word_1_248' title='bbox 855 4790 899 4843; x_wconf 83' lang='lat' dir='ltr'>ab·</span> 
     </span>
     <span class='ocr_line' id='line_1_47' title="bbox 399 4869 898 4945; baseline 0 -20"><span class='ocrx_word' id='word_1_249' title='bbox 399 4876 444 4926; x_wconf 87' lang='grc' dir='ltr'>τοῦ</span> <span class='ocrx_word' id='word_1_250' title='bbox 465 4875 494 4927; x_wconf 94' lang='lat' dir='ltr'>rb</span> <span class='ocrx_word' id='word_1_251' title='bbox 518 4872 624 4940; x_wconf 92' lang='grc' dir='ltr'>θέλημα.</span> <span class='ocrx_word' id='word_1_252' title='bbox 656 4870 751 4945; x_wconf 69' lang='lat' dir='ltr'><strong>Polyb.</strong></span> <span class='ocrx_word' id='word_1_253' title='bbox 775 4869 848 4926; x_wconf 87' lang='lat' dir='ltr'><strong>Phil.</strong></span> <span class='ocrx_word' id='word_1_254' title='bbox 875 4888 898 4925; x_wconf 87' lang='lat'>2.</span> 
     </span>
     <span class='ocr_line' id='line_1_48' title="bbox 400 4952 901 5023; baseline 0.002 -18"><span class='ocrx_word' id='word_1_255' title='bbox 400 4955 424 5005; x_wconf 86' lang='grc' dir='ltr'>οί</span> <span class='ocrx_word' id='word_1_256' title='bbox 447 4958 576 5009; x_wconf 84' lang='grc' dir='ltr'>ποιοῦντες</span> <span class='ocrx_word' id='word_1_257' title='bbox 599 4955 631 5007; x_wconf 91' lang='lat' dir='ltr'>rb</span> <span class='ocrx_word' id='word_1_258' title='bbox 653 4955 745 5008; x_wconf 75' lang='grc' dir='ltr'>ἄτοπα.</span> <span class='ocrx_word' id='word_1_259' title='bbox 769 4966 794 5023; x_wconf 93' lang='lat'><strong>5.</strong></span> <span class='ocrx_word' id='word_1_260' title='bbox 838 4952 901 5021; x_wconf 88' lang='grc' dir='ltr'>ὅπερ</span> 
     </span>
     <span class='ocr_line' id='line_1_49' title="bbox 400 5033 902 5105; baseline -0.002 -17"><span class='ocrx_word' id='word_1_261' title='bbox 400 5034 505 5101; x_wconf 87' lang='grc' dir='ltr'>ποιήσω,</span> <span class='ocrx_word' id='word_1_262' title='bbox 528 5036 571 5088; x_wconf 83' lang='grc' dir='ltr'>ἐὰν</span> <span class='ocrx_word' id='word_1_263' title='bbox 592 5038 665 5099; x_wconf 86' lang='grc' dir='ltr'>λάβω</span> <span class='ocrx_word' id='word_1_264' title='bbox 687 5037 777 5105; x_wconf 88' lang='grc' dir='ltr'>καιρόν.</span> <span class='ocrx_word' id='word_1_265' title='bbox 801 5052 846 5105; x_wconf 87' lang='grc'>13.</span> <span class='ocrx_word' id='word_1_266' title='bbox 888 5033 902 5087; x_wconf 82' lang='lat' dir='ltr'><strong><em>b</em></strong></span> 
     </span>
     <span class='ocr_line' id='line_1_50' title="bbox 401 5114 899 5190; baseline 0.002 -23"><span class='ocrx_word' id='word_1_267' title='bbox 401 5115 508 5182; x_wconf 87' lang='grc' dir='ltr'>ποιήσας</span> <span class='ocrx_word' id='word_1_268' title='bbox 521 5118 565 5169; x_wconf 86' lang='grc' dir='ltr'>τὸν</span> <span class='ocrx_word' id='word_1_269' title='bbox 573 5117 682 5186; x_wconf 82' lang='grc' dir='ltr'>οὐρανόν.</span> <span class='ocrx_word' id='word_1_270' title='bbox 700 5114 784 5171; x_wconf 64' lang='lat' dir='ltr'><strong>Man.</strong></span> <span class='ocrx_word' id='word_1_271' title='bbox 796 5114 859 5190; x_wconf 84' lang='lat' dir='ltr'><strong>Ign.</strong></span> <span class='ocrx_word' id='word_1_272' title='bbox 875 5133 899 5169; x_wconf 84' lang='lat'>2.</span> 
     </span>
     <span class='ocr_line' id='line_1_51' title="bbox 401 5197 899 5268; baseline 0.002 -20"><span class='ocrx_word' id='word_1_273' title='bbox 401 5197 473 5249; x_wconf 80' lang='grc' dir='ltr'>οὐδέν</span> <span class='ocrx_word' id='word_1_274' title='bbox 493 5197 577 5267; x_wconf 82' lang='grc' dir='ltr'>ἕτερον</span> <span class='ocrx_word' id='word_1_275' title='bbox 596 5197 702 5266; x_wconf 80' lang='grc' dir='ltr'>ποιῶνή</span> <span class='ocrx_word' id='word_1_276' title='bbox 723 5200 899 5268; x_wconf 88' lang='grc' dir='ltr'>προσευχόμε-</span> 
     </span>
    </p>
   </div>
   <div class='ocr_carea' id='block_1_3' title="bbox 401 5276 901 5352">
    <p class='ocr_par' dir='ltr' id='par_1_3' title="bbox 401 5276 901 5352">
     <span class='ocr_line' id='line_1_52' title="bbox 401 5276 901 5352; baseline -0.002 -21"><span class='ocrx_word' id='word_1_277' title='bbox 401 5300 451 5334; x_wconf 89' lang='grc' dir='ltr'>νος.</span> <span class='ocrx_word' id='word_1_278' title='bbox 475 5277 558 5334; x_wconf 76' lang='lat' dir='ltr'><strong>Mart.</strong></span> <span class='ocrx_word' id='word_1_279' title='bbox 576 5276 668 5352; x_wconf 78' lang='lat' dir='ltr'><strong>Polye.</strong></span> <span class='ocrx_word' id='word_1_280' title='bbox 686 5293 711 5347; x_wconf 86' lang='lat'>5.</span> <span class='ocrx_word' id='word_1_281' title='bbox 756 5280 793 5331; x_wconf 84' lang='grc' dir='ltr'>Οὐ</span> <span class='ocrx_word' id='word_1_282' title='bbox 813 5278 901 5346; x_wconf 87' lang='grc' dir='ltr'>μέλλω</span> 
     </span>
    </p>
   </div>
   <div class='ocr_carea' id='block_1_4' title="bbox 715 1045 1137 1112">
    <p class='ocr_par' dir='ltr' id='par_1_4' title="bbox 715 1045 1137 1112">
     <span class='ocr_line' id='line_1_53' title="bbox 715 1045 1137 1112; baseline 0.002 -3"><span class='ocrx_word' id='word_1_283' title='bbox 715 1045 861 1109; x_wconf 86' lang='lat' dir='ltr'>INDEX</span> <span class='ocrx_word' id='word_1_284' title='bbox 883 1046 1137 1112; x_wconf 82' lang='lat' dir='ltr'><strong>VERBORUM</strong></span> 
     </span>
    </p>
   </div>
   <div class='ocr_carea' id='block_1_5' title="bbox 981 1214 1491 1840">
    <p class='ocr_par' dir='ltr' id='par_1_5' title="bbox 981 1214 1491 1840">
     <span class='ocr_line' id='line_1_54' title="bbox 981 1214 1489 1285; baseline -0.008 -14"><span class='ocrx_word' id='word_1_285' title='bbox 981 1219 1071 1271; x_wconf 89' lang='grc' dir='ltr'>ποιεῖν.</span> <span class='ocrx_word' id='word_1_286' title='bbox 1094 1216 1122 1270; x_wconf 87' lang='lat'><strong>8.</strong></span> <span class='ocrx_word' id='word_1_287' title='bbox 1165 1215 1233 1285; x_wconf 87' lang='grc' dir='ltr'>Πυρί</span> <span class='ocrx_word' id='word_1_288' title='bbox 1253 1236 1284 1269; x_wconf 90' lang='grc' dir='ltr'>σε</span> <span class='ocrx_word' id='word_1_289' title='bbox 1302 1218 1367 1268; x_wconf 78' lang='grc' dir='ltr'>ποοῦ</span> <span class='ocrx_word' id='word_1_290' title='bbox 1381 1214 1489 1281; x_wconf 85' lang='grc' dir='ltr'>δαπανη-</span> 
     </span>
     <span class='ocr_line' id='line_1_55' title="bbox 981 1296 1490 1367; baseline -0.01 -15"><span class='ocrx_word' id='word_1_291' title='bbox 981 1297 1060 1366; x_wconf 73' lang='grc' dir='ltr'>θῆναι.</span> <span class='ocrx_word' id='word_1_292' title='bbox 1095 1313 1139 1350; x_wconf 85' lang='grc'>11.</span> <span class='ocrx_word' id='word_1_293' title='bbox 1194 1296 1227 1364; x_wconf 81' lang='grc' dir='ltr'>μή</span> <span class='ocrx_word' id='word_1_294' title='bbox 1260 1298 1386 1367; x_wconf 87' lang='grc' dir='ltr'>πρότερον</span> <span class='ocrx_word' id='word_1_295' title='bbox 1414 1297 1490 1347; x_wconf 84' lang='grc' dir='ltr'>τοῦτο</span> 
     </span>
     <span class='ocr_line' id='line_1_56' title="bbox 981 1374 1489 1449; baseline -0.012 -15"><span class='ocrx_word' id='word_1_296' title='bbox 981 1384 1071 1434; x_wconf 80' lang='grc' dir='ltr'>ποιῶν.</span> <span class='ocrx_word' id='word_1_297' title='bbox 1091 1395 1137 1449; x_wconf 85' lang='grc'>13.</span> <span class='ocrx_word' id='word_1_298' title='bbox 1161 1377 1246 1432; x_wconf 84' lang='grc' dir='ltr'>όπίσω</span> <span class='ocrx_word' id='word_1_299' title='bbox 1259 1378 1305 1433; x_wconf 79' lang='grc' dir='ltr'>τάς</span> <span class='ocrx_word' id='word_1_300' title='bbox 1317 1379 1404 1447; x_wconf 85' lang='grc' dir='ltr'>χεῖρας</span> <span class='ocrx_word' id='word_1_301' title='bbox 1416 1374 1489 1445; x_wconf 88' lang='grc' dir='ltr'>ποιή-</span> 
     </span>
     <span class='ocr_line' id='line_1_57' title="bbox 984 1454 1490 1529; baseline -0.006 -15"><span class='ocrx_word' id='word_1_302' title='bbox 984 1482 1042 1516; x_wconf 89' lang='grc' dir='ltr'>σας.</span> <span class='ocrx_word' id='word_1_303' title='bbox 1062 1476 1108 1529; x_wconf 83' lang='lat'>14.</span> <span class='ocrx_word' id='word_1_304' title='bbox 1152 1461 1263 1529; x_wconf 84' lang='grc' dir='ltr'>καμάρας</span> <span class='ocrx_word' id='word_1_305' title='bbox 1286 1454 1353 1514; x_wconf 82' lang='grc' dir='ltr'>είδος</span> <span class='ocrx_word' id='word_1_306' title='bbox 1370 1459 1490 1525; x_wconf 78' lang='grc' dir='ltr'>ποιήσειν.</span> 
     </span>
     <span class='ocr_line' id='line_1_58' title="bbox 989 1537 1490 1612; baseline -0.008 -16"><span class='ocrx_word' id='word_1_307' title='bbox 989 1554 1035 1612; x_wconf 92' lang='lat'>15.</span> <span class='ocrx_word' id='word_1_308' title='bbox 1080 1541 1129 1594; x_wconf 77' lang='grc' dir='ltr'>Καὶ</span> <span class='ocrx_word' id='word_1_309' title='bbox 1155 1543 1230 1593; x_wconf 85' lang='grc' dir='ltr'>τοῦτο</span> <span class='ocrx_word' id='word_1_310' title='bbox 1253 1538 1415 1608; x_wconf 91' lang='grc' dir='ltr'>ποιήσαντος.</span> <span class='ocrx_word' id='word_1_311' title='bbox 1443 1537 1490 1592; x_wconf 91' lang='lat'><strong>16.</strong></span> 
     </span>
     <span class='ocr_line' id='line_1_59' title="bbox 985 1619 1490 1689; baseline -0.008 -12"><span class='ocrx_word' id='word_1_312' title='bbox 985 1625 1091 1677; x_wconf 81' lang='grc' dir='ltr'>πολλῶν</span> <span class='ocrx_word' id='word_1_313' title='bbox 1117 1619 1304 1689; x_wconf 73' lang='grc' dir='ltr'>ἐπιθιμοῦνεων</span> <span class='ocrx_word' id='word_1_314' title='bbox 1330 1623 1407 1674; x_wconf 82' lang='grc' dir='ltr'>τοῦτο</span> <span class='ocrx_word' id='word_1_315' title='bbox 1432 1641 1490 1674; x_wconf 85' lang='grc' dir='ltr'>ποι·</span> 
     </span>
     <span class='ocr_line' id='line_1_60' title="bbox 985 1702 1491 1775; baseline -0.008 -17"><span class='ocrx_word' id='word_1_316' title='bbox 985 1706 1055 1772; x_wconf 75' lang='grc' dir='ltr'>ἧσαι.</span> <span class='ocrx_word' id='word_1_317' title='bbox 1074 1715 1120 1775; x_wconf 84' lang='lat'>17.</span> <span class='ocrx_word' id='word_1_318' title='bbox 1162 1705 1207 1756; x_wconf 82' lang='grc' dir='ltr'>τὸν</span> <span class='ocrx_word' id='word_1_319' title='bbox 1226 1702 1333 1774; x_wconf 74' lang='grc' dir='ltr'>έκλογός</span> <span class='ocrx_word' id='word_1_320' title='bbox 1359 1704 1491 1755; x_wconf 82' lang='grc' dir='ltr'>ποιοῦντα.</span> 
     </span>
     <span class='ocr_line' id='line_1_61' title="bbox 988 1802 1035 1840; baseline 0.021 -1"><span class='ocrx_word' id='word_1_321' title='bbox 988 1802 1035 1840; x_wconf 83' lang='lat'>20.</span> 
     </span>
    </p>
   </div>
   <div class='ocr_carea' id='block_1_6' title="bbox 942 1864 1492 1926">
    <p class='ocr_par' dir='ltr' id='par_1_6' title="bbox 942 1864 1492 1926">
     <span class='ocr_line' id='line_1_62' title="bbox 942 1864 1492 1926; baseline 0 -6"><span class='ocrx_word' id='word_1_322' title='bbox 942 1867 1072 1921; x_wconf 88' lang='grc' dir='ltr'>Ποικίλος.</span> <span class='ocrx_word' id='word_1_323' title='bbox 1114 1865 1205 1920; x_wconf 75' lang='grc' dir='ltr'>ἅλλοις</span> <span class='ocrx_word' id='word_1_324' title='bbox 1223 1864 1350 1920; x_wconf 85' lang='grc' dir='ltr'>ποικίλαις</span> <span class='ocrx_word' id='word_1_325' title='bbox 1366 1864 1492 1926; x_wconf 82' lang='grc' dir='ltr'>βάσανοις</span> 
     </span>
    </p>
   </div>
   <div class='ocr_carea' id='block_1_7' title="bbox 983 1942 1454 2018">
    <p class='ocr_par' dir='ltr' id='par_1_7' title="bbox 983 1942 1454 2018">
     <span class='ocr_line' id='line_1_63' title="bbox 983 1942 1454 2018; baseline -0.002 -18"><span class='ocrx_word' id='word_1_326' title='bbox 983 1948 1187 2016; x_wconf 82' lang='grc' dir='ltr'>κολαφιζόμενοι.</span> <span class='ocrx_word' id='word_1_327' title='bbox 1209 1942 1295 2000; x_wconf 75' lang='lat' dir='ltr'><strong>Mart.</strong></span> <span class='ocrx_word' id='word_1_328' title='bbox 1313 1942 1408 2018; x_wconf 86' lang='lat' dir='ltr'><strong>Polyc.</strong></span> <span class='ocrx_word' id='word_1_329' title='bbox 1426 1962 1454 2000; x_wconf 84' lang='lat'>2.</span> 
     </span>
    </p>
   </div>
   <div class='ocr_carea' id='block_1_8' title="bbox 943 2025 1490 2101">
    <p class='ocr_par' dir='ltr' id='par_1_8' title="bbox 943 2025 1490 2101">
     <span class='ocr_line' id='line_1_64' title="bbox 943 2025 1490 2101; baseline -0.007 -18"><span class='ocrx_word' id='word_1_330' title='bbox 943 2028 1049 2099; x_wconf 87' lang='grc' dir='ltr'>Ποιμήν.</span> <span class='ocrx_word' id='word_1_331' title='bbox 1091 2027 1147 2081; x_wconf 76' lang='grc' dir='ltr'>ἀντὶ</span> <span class='ocrx_word' id='word_1_332' title='bbox 1168 2027 1229 2095; x_wconf 88' lang='grc' dir='ltr'>ἐμοῦ</span> <span class='ocrx_word' id='word_1_333' title='bbox 1251 2025 1350 2094; x_wconf 89' lang='grc' dir='ltr'>ποιμένι</span> <span class='ocrx_word' id='word_1_334' title='bbox 1373 2030 1409 2101; x_wconf 74' lang='grc' dir='ltr'>τῷ</span> <span class='ocrx_word' id='word_1_335' title='bbox 1432 2029 1490 2100; x_wconf 68' lang='grc' dir='ltr'>θεῷ</span> 
     </span>
    </p>
   </div>
   <div class='ocr_carea' id='block_1_9' title="bbox 980 2105 1489 2425">
    <p class='ocr_par' dir='ltr' id='par_1_9' title="bbox 980 2105 1489 2425">
     <span class='ocr_line' id='line_1_65' title="bbox 981 2105 1489 2184; baseline -0.004 -21"><span class='ocrx_word' id='word_1_336' title='bbox 981 2113 1082 2181; x_wconf 84' lang='grc' dir='ltr'>χρήται.</span> <span class='ocrx_word' id='word_1_337' title='bbox 1105 2105 1267 2184; x_wconf 61' lang='grc'>13118616.</span> <span class='ocrx_word' id='word_1_338' title='bbox 1285 2124 1312 2179; x_wconf 91' lang='lat'><strong>9.</strong></span> <span class='ocrx_word' id='word_1_339' title='bbox 1353 2107 1418 2162; x_wconf 84' lang='grc' dir='ltr'>ὅπου</span> <span class='ocrx_word' id='word_1_340' title='bbox 1432 2108 1489 2161; x_wconf 81' lang='grc' dir='ltr'>δέό</span> 
     </span>
     <span class='ocr_line' id='line_1_66' title="bbox 982 2186 1488 2261; baseline -0.01 -14"><span class='ocrx_word' id='word_1_341' title='bbox 982 2189 1076 2261; x_wconf 86' lang='grc' dir='ltr'>ποιμήν</span> <span class='ocrx_word' id='word_1_342' title='bbox 1089 2190 1169 2245; x_wconf 85' lang='grc' dir='ltr'>ἐστιν.</span> <span class='ocrx_word' id='word_1_343' title='bbox 1189 2186 1297 2243; x_wconf 79' lang='lat' dir='ltr'><strong>Philad.</strong></span> <span class='ocrx_word' id='word_1_344' title='bbox 1316 2204 1341 2242; x_wconf 82' lang='lat'>2.</span> <span class='ocrx_word' id='word_1_345' title='bbox 1383 2187 1488 2258; x_wconf 87' lang='grc' dir='ltr'>ποιμένα</span> 
     </span>
     <span class='ocr_line' id='line_1_67' title="bbox 980 2270 1487 2341; baseline -0.004 -13"><span class='ocrx_word' id='word_1_346' title='bbox 980 2275 1025 2341; x_wconf 76' lang='grc' dir='ltr'>τῆς</span> <span class='ocrx_word' id='word_1_347' title='bbox 1045 2273 1108 2327; x_wconf 78' lang='grc' dir='ltr'>κατά</span> <span class='ocrx_word' id='word_1_348' title='bbox 1131 2273 1176 2340; x_wconf 83' lang='grc' dir='ltr'>τήν</span> <span class='ocrx_word' id='word_1_349' title='bbox 1192 2270 1336 2338; x_wconf 76' lang='grc' dir='ltr'>οἰκουμένην</span> <span class='ocrx_word' id='word_1_350' title='bbox 1355 2270 1487 2338; x_wconf 83' lang='grc' dir='ltr'>καθολικῆς</span> 
     </span>
     <span class='ocr_line' id='line_1_68' title="bbox 981 2349 1402 2425; baseline 0 -19"><span class='ocrx_word' id='word_1_351' title='bbox 981 2354 1127 2422; x_wconf 81' lang='grc' dir='ltr'>ἐκκλησίας.</span> <span class='ocrx_word' id='word_1_352' title='bbox 1143 2350 1229 2408; x_wconf 75' lang='lat' dir='ltr'><strong>Mart.</strong></span> <span class='ocrx_word' id='word_1_353' title='bbox 1247 2349 1340 2425; x_wconf 75' lang='lat' dir='ltr'><strong>Polyc.</strong></span> <span class='ocrx_word' id='word_1_354' title='bbox 1355 2369 1402 2424; x_wconf 90' lang='lat'>19.</span> 
     </span>
    </p>
   </div>
   <div class='ocr_carea' id='block_1_10' title="bbox 940 2433 1487 2505">
    <p class='ocr_par' dir='ltr' id='par_1_10' title="bbox 940 2433 1487 2505">
     <span class='ocr_line' id='line_1_69' title="bbox 940 2433 1487 2505; baseline -0.002 -17"><span class='ocrx_word' id='word_1_355' title='bbox 940 2435 1070 2505; x_wconf 85' lang='grc' dir='ltr'>Ποίμνιον.</span> <span class='ocrx_word' id='word_1_356' title='bbox 1093 2434 1261 2505; x_wconf 75' lang='grc' dir='ltr'>ἐπαιρομένων</span> <span class='ocrx_word' id='word_1_357' title='bbox 1274 2434 1316 2487; x_wconf 79' lang='grc' dir='ltr'>έπί</span> <span class='ocrx_word' id='word_1_358' title='bbox 1328 2434 1358 2487; x_wconf 88' lang='lat' dir='ltr'>rb</span> <span class='ocrx_word' id='word_1_359' title='bbox 1371 2433 1487 2500; x_wconf 72' lang='grc' dir='ltr'>ποίμνιον</span> 
     </span>
    </p>
   </div>
   <div class='ocr_carea' id='block_1_11' title="bbox 979 2513 1485 3158">
    <p class='ocr_par' dir='ltr' id='par_1_11' title="bbox 979 2513 1485 3158">
     <span class='ocr_line' id='line_1_70' title="bbox 980 2513 1483 2586; baseline -0.002 -17"><span class='ocrx_word' id='word_1_360' title='bbox 980 2518 1064 2571; x_wconf 75' lang='grc' dir='ltr'>αὐτοῦ.</span> <span class='ocrx_word' id='word_1_361' title='bbox 1088 2513 1177 2572; x_wconf 81' lang='lat' dir='ltr'><strong>Clem.</strong></span> <span class='ocrx_word' id='word_1_362' title='bbox 1202 2513 1217 2569; x_wconf 91' lang='lat' dir='ltr'>I</span> <span class='ocrx_word' id='word_1_363' title='bbox 1237 2514 1281 2568; x_wconf 89' lang='grc'>16.</span> <span class='ocrx_word' id='word_1_364' title='bbox 1334 2513 1483 2586; x_wconf 87' lang='grc' dir='ltr'>λειτουργή-</span> 
     </span>
     <span class='ocr_line' id='line_1_71' title="bbox 981 2596 1485 2670; baseline -0.004 -20"><span class='ocrx_word' id='word_1_365' title='bbox 981 2618 1075 2654; x_wconf 92' lang='grc' dir='ltr'>σαντας</span> <span class='ocrx_word' id='word_1_366' title='bbox 1098 2597 1232 2666; x_wconf 80' lang='grc' dir='ltr'>άμέμπτως</span> <span class='ocrx_word' id='word_1_367' title='bbox 1254 2599 1290 2670; x_wconf 74' lang='grc' dir='ltr'>τῷ</span> <span class='ocrx_word' id='word_1_368' title='bbox 1312 2596 1419 2668; x_wconf 70' lang='grc' dir='ltr'>ποιμνίῳ</span> <span class='ocrx_word' id='word_1_369' title='bbox 1438 2599 1485 2648; x_wconf 86' lang='grc' dir='ltr'>τοῦ</span> 
     </span>
     <span class='ocr_line' id='line_1_72' title="bbox 980 2677 1484 2748; baseline -0.006 -16"><span class='ocrx_word' id='word_1_370' title='bbox 980 2682 1103 2748; x_wconf 85' lang='grc' dir='ltr'>Χριστοῦ.</span> <span class='ocrx_word' id='word_1_371' title='bbox 1127 2697 1175 2747; x_wconf 81' lang='lat'>44.</span> <span class='ocrx_word' id='word_1_372' title='bbox 1221 2679 1297 2746; x_wconf 90' lang='grc' dir='ltr'>μόνον</span> <span class='ocrx_word' id='word_1_373' title='bbox 1319 2678 1350 2731; x_wconf 90' lang='lat' dir='ltr'>rb</span> <span class='ocrx_word' id='word_1_374' title='bbox 1369 2677 1484 2746; x_wconf 75' lang='grc' dir='ltr'>ποίμνιον</span> 
     </span>
     <span class='ocr_line' id='line_1_73' title="bbox 979 2758 1485 2830; baseline -0.006 -17"><span class='ocrx_word' id='word_1_375' title='bbox 979 2763 1025 2813; x_wconf 85' lang='grc' dir='ltr'>τοῦ</span> <span class='ocrx_word' id='word_1_376' title='bbox 1051 2764 1164 2830; x_wconf 82' lang='grc' dir='ltr'>Χριστοῦ</span> <span class='ocrx_word' id='word_1_377' title='bbox 1187 2759 1339 2829; x_wconf 84' lang='grc' dir='ltr'>είμηνενέτω.</span> <span class='ocrx_word' id='word_1_378' title='bbox 1366 2770 1415 2827; x_wconf 81' lang='lat'>54.</span> <span class='ocrx_word' id='word_1_379' title='bbox 1458 2758 1485 2810; x_wconf 88' lang='grc' dir='ltr'>ἐν</span> 
     </span>
     <span class='ocr_line' id='line_1_74' title="bbox 980 2839 1484 2914; baseline 0.002 -21"><span class='ocrx_word' id='word_1_380' title='bbox 980 2844 1016 2914; x_wconf 80' lang='grc' dir='ltr'>τῷ</span> <span class='ocrx_word' id='word_1_381' title='bbox 1042 2842 1148 2913; x_wconf 79' lang='grc' dir='ltr'>ποιμνίῳ</span> <span class='ocrx_word' id='word_1_382' title='bbox 1174 2843 1219 2893; x_wconf 83' lang='grc' dir='ltr'>τοῦ</span> <span class='ocrx_word' id='word_1_383' title='bbox 1243 2841 1357 2908; x_wconf 82' lang='grc' dir='ltr'>Χριστοῦ</span> <span class='ocrx_word' id='word_1_384' title='bbox 1382 2839 1484 2909; x_wconf 83' lang='grc' dir='ltr'>μικροὺς</span> 
     </span>
     <span class='ocr_line' id='line_1_75' title="bbox 980 2920 1485 2993; baseline 0 -18"><span class='ocrx_word' id='word_1_385' title='bbox 980 2920 1330 2993; x_wconf 78' lang='grc' dir='ltr'>καίελλογίμουςεὺρεθήναι.</span> <span class='ocrx_word' id='word_1_386' title='bbox 1343 2931 1391 2991; x_wconf 93' lang='lat'>57.</span> <span class='ocrx_word' id='word_1_387' title='bbox 1415 2920 1485 2990; x_wconf 76' lang='grc' dir='ltr'>κριός</span> 
     </span>
     <span class='ocr_line' id='line_1_76' title="bbox 980 3001 1482 3072; baseline -0.004 -16"><span class='ocrx_word' id='word_1_388' title='bbox 980 3003 1104 3072; x_wconf 87' lang='grc' dir='ltr'>ἐπίσημος</span> <span class='ocrx_word' id='word_1_389' title='bbox 1138 3003 1166 3056; x_wconf 83' lang='grc' dir='ltr'>ἐκ</span> <span class='ocrx_word' id='word_1_390' title='bbox 1204 3003 1316 3072; x_wconf 78' lang='grc' dir='ltr'>μεγάλου</span> <span class='ocrx_word' id='word_1_391' title='bbox 1356 3001 1482 3071; x_wconf 87' lang='grc' dir='ltr'>ποιμνίου.</span> 
     </span>
     <span class='ocr_line' id='line_1_77' title="bbox 981 3081 1240 3158; baseline -0.004 -20"><span class='ocrx_word' id='word_1_392' title='bbox 981 3081 1066 3141; x_wconf 78' lang='lat' dir='ltr'><strong>Mart.</strong></span> <span class='ocrx_word' id='word_1_393' title='bbox 1083 3081 1176 3158; x_wconf 83' lang='lat' dir='ltr'><strong>Polyc.</strong></span> <span class='ocrx_word' id='word_1_394' title='bbox 1193 3100 1240 3152; x_wconf 87' lang='lat'>14.</span> 
     </span>
    </p>
   </div>
   <div class='ocr_carea' id='block_1_12' title="bbox 940 3160 1481 3233">
    <p class='ocr_par' dir='ltr' id='par_1_12' title="bbox 940 3160 1481 3233">
     <span class='ocr_line' id='line_1_78' title="bbox 940 3160 1481 3233; baseline -0.002 -15"><span class='ocrx_word' id='word_1_395' title='bbox 940 3169 1018 3222; x_wconf 84' lang='grc' dir='ltr'>Ποῖος</span> <span class='ocrx_word' id='word_1_396' title='bbox 1031 3167 1059 3218; x_wconf 85' lang='grc' dir='ltr'>δέ</span> <span class='ocrx_word' id='word_1_397' title='bbox 1073 3168 1168 3233; x_wconf 91' lang='grc' dir='ltr'>κόσμος</span> <span class='ocrx_word' id='word_1_398' title='bbox 1181 3163 1280 3231; x_wconf 77' lang='grc' dir='ltr'>δέξεταί</span> <span class='ocrx_word' id='word_1_399' title='bbox 1299 3185 1371 3225; x_wconf 83' lang='grc' dir='ltr'>τινα,Ι</span> <span class='ocrx_word' id='word_1_400' title='bbox 1392 3160 1481 3219; x_wconf 78' lang='lat' dir='ltr'><strong>Clem.</strong></span> 
     </span>
    </p>
   </div>
   <div class='ocr_carea' id='block_1_13' title="bbox 979 3243 1485 3649">
    <p class='ocr_par' dir='ltr' id='par_1_13' title="bbox 979 3243 1485 3649">
     <span class='ocr_line' id='line_1_79' title="bbox 981 3243 1481 3317; baseline -0.004 -16"><span class='ocrx_word' id='word_1_401' title='bbox 981 3244 1058 3302; x_wconf 86' lang='lat'><strong>128.</strong></span> <span class='ocrx_word' id='word_1_402' title='bbox 1102 3247 1129 3299; x_wconf 84' lang='grc' dir='ltr'>ἐκ</span> <span class='ocrx_word' id='word_1_403' title='bbox 1148 3249 1222 3302; x_wconf 87' lang='grc' dir='ltr'>ποίας</span> <span class='ocrx_word' id='word_1_404' title='bbox 1242 3243 1304 3314; x_wconf 83' lang='grc' dir='ltr'>ῦλης</span> <span class='ocrx_word' id='word_1_405' title='bbox 1322 3243 1481 3317; x_wconf 75' lang='grc' dir='ltr'>ἐγενήθημεν.</span> 
     </span>
     <span class='ocr_line' id='line_1_80' title="bbox 981 3323 1482 3399; baseline -0.002 -17"><span class='ocrx_word' id='word_1_406' title='bbox 981 3328 1029 3399; x_wconf 86' lang='grc'>38.</span> <span class='ocrx_word' id='word_1_407' title='bbox 1092 3330 1160 3381; x_wconf 88' lang='grc' dir='ltr'>ποῖοι</span> <span class='ocrx_word' id='word_1_408' title='bbox 1250 3325 1407 3395; x_wconf 78' lang='grc' dir='ltr'>εἰσήλθομεν.</span> <span class='ocrx_word' id='word_1_409' title='bbox 1444 3323 1482 3381; x_wconf 84' lang='lat' dir='ltr'>ib.</span> 
     </span>
     <span class='ocr_line' id='line_1_81' title="bbox 980 3405 1484 3477; baseline -0.002 -16"><span class='ocrx_word' id='word_1_410' title='bbox 980 3412 1060 3462; x_wconf 87' lang='grc' dir='ltr'>Ποῖον</span> <span class='ocrx_word' id='word_1_411' title='bbox 1073 3407 1117 3462; x_wconf 83' lang='grc' dir='ltr'>οὖν</span> <span class='ocrx_word' id='word_1_412' title='bbox 1130 3405 1213 3469; x_wconf 66' lang='lat' dir='ltr'>abror,-</span> <span class='ocrx_word' id='word_1_413' title='bbox 1238 3405 1271 3462; x_wconf 89' lang='grc' dir='ltr'>Π</span> <span class='ocrx_word' id='word_1_414' title='bbox 1291 3424 1314 3461; x_wconf 92' lang='grc'>1.</span> <span class='ocrx_word' id='word_1_415' title='bbox 1356 3409 1416 3477; x_wconf 80' lang='grc' dir='ltr'>ποίᾳ</span> <span class='ocrx_word' id='word_1_416' title='bbox 1438 3429 1484 3462; x_wconf 86' lang='grc' dir='ltr'>πε-</span> 
     </span>
     <span class='ocr_line' id='line_1_82' title="bbox 979 3489 1485 3558; baseline -0.004 -13"><span class='ocrx_word' id='word_1_417' title='bbox 979 3489 1097 3558; x_wconf 88' lang='grc' dir='ltr'>ποιθήσει</span> <span class='ocrx_word' id='word_1_418' title='bbox 1111 3490 1318 3558; x_wconf 83' lang='grc' dir='ltr'>είσελευσόμεθα.</span> <span class='ocrx_word' id='word_1_419' title='bbox 1335 3489 1362 3543; x_wconf 92' lang='grc'>6.</span> <span class='ocrx_word' id='word_1_420' title='bbox 1405 3490 1485 3544; x_wconf 88' lang='grc' dir='ltr'>Ποίαν</span> 
     </span>
     <span class='ocr_line' id='line_1_83' title="bbox 986 3566 1226 3649; baseline -0.004 -24"><span class='ocrx_word' id='word_1_421' title='bbox 986 3566 1185 3649; x_wconf 81' lang='grc' dir='ltr'>[άντιμισθίαν],·</span> <span class='ocrx_word' id='word_1_422' title='bbox 1201 3589 1226 3642; x_wconf 87' lang='grc'>9.</span> 
     </span>
    </p>
   </div>
   <div class='ocr_carea' id='block_1_14' title="bbox 941 3644 1483 3728">
    <p class='ocr_par' dir='ltr' id='par_1_14' title="bbox 941 3644 1483 3728">
     <span class='ocr_line' id='line_1_84' title="bbox 941 3644 1483 3728; baseline -0.002 -22"><span class='ocrx_word' id='word_1_423' title='bbox 941 3657 1076 3722; x_wconf 86' lang='grc' dir='ltr'>Πολεμεῖν.</span> <span class='ocrx_word' id='word_1_424' title='bbox 1119 3654 1162 3719; x_wconf 81' lang='grc' dir='ltr'>ε’μέ</span> <span class='ocrx_word' id='word_1_425' title='bbox 1187 3653 1214 3705; x_wconf 80' lang='grc' dir='ltr'>δέ</span> <span class='ocrx_word' id='word_1_426' title='bbox 1234 3655 1314 3704; x_wconf 88' lang='grc' dir='ltr'>πλέον</span> <span class='ocrx_word' id='word_1_427' title='bbox 1335 3645 1376 3728; x_wconf 79' lang='lat' dir='ltr'>[rb</span> <span class='ocrx_word' id='word_1_428' title='bbox 1397 3644 1483 3728; x_wconf 65' lang='grc' dir='ltr'>ὄχλος]</span> 
     </span>
    </p>
   </div>
   <div class='ocr_carea' id='block_1_15' title="bbox 980 3729 1319 3807">
    <p class='ocr_par' dir='ltr' id='par_1_15' title="bbox 980 3729 1319 3807">
     <span class='ocr_line' id='line_1_85' title="bbox 980 3729 1319 3807; baseline -0.006 -19"><span class='ocrx_word' id='word_1_429' title='bbox 980 3738 1093 3802; x_wconf 82' lang='grc' dir='ltr'>πολεμεῖ.</span> <span class='ocrx_word' id='word_1_430' title='bbox 1117 3732 1180 3807; x_wconf 76' lang='lat' dir='ltr'><strong>Igu.</strong></span> <span class='ocrx_word' id='word_1_431' title='bbox 1197 3729 1282 3787; x_wconf 83' lang='lat' dir='ltr'><strong>Trall.</strong></span> <span class='ocrx_word' id='word_1_432' title='bbox 1293 3752 1319 3800; x_wconf 90' lang='lat'>4.</span> 
     </span>
    </p>
   </div>
   <div class='ocr_carea' id='block_1_16' title="bbox 941 3812 1483 3884">
    <p class='ocr_par' dir='ltr' id='par_1_16' title="bbox 941 3812 1483 3884">
     <span class='ocr_line' id='line_1_86' title="bbox 941 3812 1483 3884; baseline 0 -16"><span class='ocrx_word' id='word_1_433' title='bbox 941 3816 1073 3883; x_wconf 87' lang='grc' dir='ltr'>Πολέμιος.</span> <span class='ocrx_word' id='word_1_434' title='bbox 1115 3812 1153 3869; x_wconf 83' lang='grc' dir='ltr'>οἷς</span> <span class='ocrx_word' id='word_1_435' title='bbox 1174 3818 1214 3868; x_wconf 81' lang='grc' dir='ltr'>καὶ</span> <span class='ocrx_word' id='word_1_436' title='bbox 1239 3813 1359 3884; x_wconf 83' lang='grc' dir='ltr'>χρώμεθα</span> <span class='ocrx_word' id='word_1_437' title='bbox 1383 3813 1483 3880; x_wconf 80' lang='grc' dir='ltr'>συμμά-</span> 
     </span>
    </p>
   </div>
   <div class='ocr_carea' id='block_1_17' title="bbox 979 3891 1484 3968">
    <p class='ocr_par' dir='ltr' id='par_1_17' title="bbox 979 3891 1484 3968">
     <span class='ocr_line' id='line_1_87' title="bbox 979 3891 1484 3968; baseline -0.002 -19"><span class='ocrx_word' id='word_1_438' title='bbox 979 3919 1037 3968; x_wconf 89' lang='grc' dir='ltr'>χοις</span> <span class='ocrx_word' id='word_1_439' title='bbox 1057 3899 1121 3967; x_wconf 85' lang='grc' dir='ltr'>πρὸς</span> <span class='ocrx_word' id='word_1_440' title='bbox 1144 3897 1202 3951; x_wconf 77' lang='grc' dir='ltr'>τοὺς</span> <span class='ocrx_word' id='word_1_441' title='bbox 1224 3894 1367 3963; x_wconf 88' lang='grc' dir='ltr'>πολεμίους.</span> <span class='ocrx_word' id='word_1_442' title='bbox 1395 3891 1484 3949; x_wconf 74' lang='lat' dir='ltr'><strong>Mart.</strong></span> 
     </span>
    </p>
   </div>
   <div class='ocr_carea' id='block_1_18' title="bbox 982 3976 1087 4052">
    <p class='ocr_par' dir='ltr' id='par_1_18' title="bbox 982 3976 1087 4052">
     <span class='ocr_line' id='line_1_88' title="bbox 982 3976 1087 4052; baseline -0.01 -20"><span class='ocrx_word' id='word_1_443' title='bbox 982 3976 1045 4052; x_wconf 81' lang='lat' dir='ltr'><strong>Ign.</strong></span> <span class='ocrx_word' id='word_1_444' title='bbox 1064 3994 1087 4032; x_wconf 89' lang='lat'>2.</span> 
     </span>
    </p>
   </div>
   <div class='ocr_carea' id='block_1_19' title="bbox 941 4056 1483 4125">
    <p class='ocr_par' dir='ltr' id='par_1_19' title="bbox 941 4056 1483 4125">
     <span class='ocr_line' id='line_1_89' title="bbox 941 4056 1483 4125; baseline -0.004 -13"><span class='ocrx_word' id='word_1_445' title='bbox 941 4062 1066 4125; x_wconf 89' lang='grc' dir='ltr'>Πόλεμος.</span> <span class='ocrx_word' id='word_1_446' title='bbox 1107 4061 1219 4125; x_wconf 83' lang='grc' dir='ltr'>πόλεμος</span> <span class='ocrx_word' id='word_1_447' title='bbox 1246 4058 1285 4109; x_wconf 79' lang='grc' dir='ltr'>καὶ</span> <span class='ocrx_word' id='word_1_448' title='bbox 1310 4056 1483 4125; x_wconf 86' lang='grc' dir='ltr'>αῖχμαλωσία.</span> 
     </span>
    </p>
   </div>
   <div class='ocr_carea' id='block_1_20' title="bbox 981 4137 1485 4456">
    <p class='ocr_par' dir='ltr' id='par_1_20' title="bbox 981 4137 1485 4456">
     <span class='ocr_line' id='line_1_90' title="bbox 982 4137 1484 4210; baseline -0.01 -15"><span class='ocrx_word' id='word_1_449' title='bbox 982 4137 1097 4196; x_wconf 70' lang='grc'>0161111</span> <span class='ocrx_word' id='word_1_450' title='bbox 1109 4157 1137 4210; x_wconf 88' lang='grc'>3.</span> <span class='ocrx_word' id='word_1_451' title='bbox 1176 4138 1231 4192; x_wconf 79' lang='grc' dir='ltr'>Ἵνα</span> <span class='ocrx_word' id='word_1_452' title='bbox 1244 4138 1269 4191; x_wconf 87' lang='grc' dir='ltr'>τί</span> <span class='ocrx_word' id='word_1_453' title='bbox 1283 4182 1305 4192; x_wconf 93' lang='grc'>..</span> <span class='ocrx_word' id='word_1_454' title='bbox 1322 4180 1328 4191; x_wconf 98' lang='grc'>.</span> <span class='ocrx_word' id='word_1_455' title='bbox 1341 4137 1484 4206; x_wconf 87' lang='grc' dir='ltr'>σχίσματα,</span> 
     </span>
     <span class='ocr_line' id='line_1_91' title="bbox 981 4218 1485 4289; baseline -0.01 -13"><span class='ocrx_word' id='word_1_456' title='bbox 981 4224 1091 4289; x_wconf 89' lang='grc' dir='ltr'>πόλεμός</span> <span class='ocrx_word' id='word_1_457' title='bbox 1104 4243 1131 4273; x_wconf 93' lang='grc' dir='ltr'>τε</span> <span class='ocrx_word' id='word_1_458' title='bbox 1146 4221 1173 4273; x_wconf 83' lang='grc' dir='ltr'>έν</span> <span class='ocrx_word' id='word_1_459' title='bbox 1186 4221 1243 4288; x_wconf 79' lang='grc' dir='ltr'>ὑμῖν</span> <span class='ocrx_word' id='word_1_460' title='bbox 1251 4243 1259 4280; x_wconf 70' lang='grc' dir='ltr'>ς</span> <span class='ocrx_word' id='word_1_461' title='bbox 1278 4218 1326 4287; x_wconf 88' lang='grc'>46.</span> <span class='ocrx_word' id='word_1_462' title='bbox 1369 4222 1418 4274; x_wconf 76' lang='grc' dir='ltr'>πᾶς</span> <span class='ocrx_word' id='word_1_463' title='bbox 1438 4222 1485 4273; x_wconf 89' lang='grc' dir='ltr'>πό-</span> 
     </span>
     <span class='ocr_line' id='line_1_92' title="bbox 981 4299 1485 4373; baseline 0 -19"><span class='ocrx_word' id='word_1_464' title='bbox 981 4306 1058 4369; x_wconf 90' lang='grc' dir='ltr'>λεμος</span> <span class='ocrx_word' id='word_1_465' title='bbox 1086 4305 1244 4373; x_wconf 86' lang='grc' dir='ltr'>καταργεῖται</span> <span class='ocrx_word' id='word_1_466' title='bbox 1271 4299 1425 4369; x_wconf 83' lang='grc' dir='ltr'>ἐπουρανίων</span> <span class='ocrx_word' id='word_1_467' title='bbox 1445 4302 1485 4354; x_wconf 84' lang='grc' dir='ltr'>καί</span> 
     </span>
     <span class='ocr_line' id='line_1_93' title="bbox 983 4379 1334 4456; baseline -0.009 -18"><span class='ocrx_word' id='word_1_468' title='bbox 983 4384 1107 4455; x_wconf 78' lang='grc' dir='ltr'>ἐπιγείων.</span> <span class='ocrx_word' id='word_1_469' title='bbox 1123 4381 1185 4456; x_wconf 81' lang='lat' dir='ltr'><strong>Ign.</strong></span> <span class='ocrx_word' id='word_1_470' title='bbox 1202 4379 1273 4455; x_wconf 82' lang='lat' dir='ltr'><strong>Eph.</strong></span> <span class='ocrx_word' id='word_1_471' title='bbox 1291 4397 1334 4452; x_wconf 83' lang='lat'>13.</span> 
     </span>
    </p>
   </div>
   <div class='ocr_carea' id='block_1_21' title="bbox 942 4461 1483 4533">
    <p class='ocr_par' dir='ltr' id='par_1_21' title="bbox 942 4461 1483 4533">
     <span class='ocr_line' id='line_1_94' title="bbox 942 4461 1483 4533; baseline -0.002 -17"><span class='ocrx_word' id='word_1_472' title='bbox 942 4467 1031 4521; x_wconf 89' lang='grc' dir='ltr'>Πόλις.</span> <span class='ocrx_word' id='word_1_473' title='bbox 1064 4466 1143 4532; x_wconf 79' lang='grc' dir='ltr'>Ζήλος</span> <span class='ocrx_word' id='word_1_474' title='bbox 1197 4467 1284 4518; x_wconf 91' lang='grc' dir='ltr'>πόλεις</span> <span class='ocrx_word' id='word_1_475' title='bbox 1291 4465 1403 4533; x_wconf 84' lang='grc' dir='ltr'>μεγαλας</span> <span class='ocrx_word' id='word_1_476' title='bbox 1412 4461 1483 4515; x_wconf 85' lang='grc' dir='ltr'>κατέ-</span> 
     </span>
    </p>
   </div>
   <div class='ocr_carea' id='block_1_22' title="bbox 981 4543 1486 5265">
    <p class='ocr_par' dir='ltr' id='par_1_22' title="bbox 981 4543 1486 5265">
     <span class='ocr_line' id='line_1_95' title="bbox 982 4543 1486 4618; baseline -0.002 -18"><span class='ocrx_word' id='word_1_477' title='bbox 982 4548 1106 4618; x_wconf 73' lang='grc' dir='ltr'>στρεψεν.</span> <span class='ocrx_word' id='word_1_478' title='bbox 1123 4543 1211 4600; x_wconf 82' lang='lat' dir='ltr'><strong>Clem.</strong></span> <span class='ocrx_word' id='word_1_479' title='bbox 1224 4543 1240 4599; x_wconf 90' lang='grc' dir='ltr'>Ῑ</span> <span class='ocrx_word' id='word_1_480' title='bbox 1253 4544 1280 4598; x_wconf 92' lang='grc'>6.</span> <span class='ocrx_word' id='word_1_481' title='bbox 1317 4545 1386 4596; x_wconf 80' lang='grc' dir='ltr'>Κατὰ</span> <span class='ocrx_word' id='word_1_482' title='bbox 1400 4547 1486 4615; x_wconf 85' lang='grc' dir='ltr'>χώρας</span> 
     </span>
     <span class='ocr_line' id='line_1_96' title="bbox 982 4624 1483 4695; baseline 0 -15"><span class='ocrx_word' id='word_1_483' title='bbox 982 4626 1026 4681; x_wconf 82' lang='grc' dir='ltr'>οὖν</span> <span class='ocrx_word' id='word_1_484' title='bbox 1048 4630 1087 4680; x_wconf 82' lang='grc' dir='ltr'>καὶ</span> <span class='ocrx_word' id='word_1_485' title='bbox 1113 4630 1201 4682; x_wconf 87' lang='grc' dir='ltr'>πόλεις</span> <span class='ocrx_word' id='word_1_486' title='bbox 1226 4624 1404 4695; x_wconf 78' lang='grc' dir='ltr'>κηρύσσοντες.</span> <span class='ocrx_word' id='word_1_487' title='bbox 1435 4643 1483 4694; x_wconf 79' lang='lat'>42.</span> 
     </span>
     <span class='ocr_line' id='line_1_97' title="bbox 981 4708 1483 4779; baseline 0 -17"><span class='ocrx_word' id='word_1_488' title='bbox 981 4711 1075 4763; x_wconf 78' lang='grc' dir='ltr'>πολλοὶ</span> <span class='ocrx_word' id='word_1_489' title='bbox 1098 4709 1260 4779; x_wconf 82' lang='grc' dir='ltr'>ἐξεχώρησαν</span> <span class='ocrx_word' id='word_1_490' title='bbox 1282 4708 1351 4759; x_wconf 81' lang='grc' dir='ltr'>ἰδίων</span> <span class='ocrx_word' id='word_1_491' title='bbox 1374 4709 1483 4762; x_wconf 85' lang='grc' dir='ltr'>πόλεων.</span> 
     </span>
     <span class='ocr_line' id='line_1_98' title="bbox 983 4789 1486 4860; baseline 0.002 -18"><span class='ocrx_word' id='word_1_492' title='bbox 983 4803 1031 4860; x_wconf 91' lang='lat'>55.</span> <span class='ocrx_word' id='word_1_493' title='bbox 1088 4789 1115 4842; x_wconf 90' lang='grc' dir='ltr'>ἐν</span> <span class='ocrx_word' id='word_1_494' title='bbox 1142 4791 1307 4860; x_wconf 77' lang='grc' dir='ltr'>σνγκλεισμῷ</span> <span class='ocrx_word' id='word_1_495' title='bbox 1336 4791 1415 4855; x_wconf 81' lang='grc' dir='ltr'>οὔσης</span> <span class='ocrx_word' id='word_1_496' title='bbox 1441 4789 1486 4854; x_wconf 78' lang='grc' dir='ltr'>τῆς</span> 
     </span>
     <span class='ocr_line' id='line_1_99' title="bbox 981 4869 1485 4939; baseline -0.008 -14"><span class='ocrx_word' id='word_1_497' title='bbox 981 4875 1089 4926; x_wconf 89' lang='grc' dir='ltr'>πόλεως.</span> <span class='ocrx_word' id='word_1_498' title='bbox 1104 4869 1141 4925; x_wconf 87' lang='lat' dir='ltr'>ib.</span> <span class='ocrx_word' id='word_1_499' title='bbox 1184 4871 1245 4923; x_wconf 86' lang='grc' dir='ltr'>κατὰ</span> <span class='ocrx_word' id='word_1_500' title='bbox 1266 4872 1341 4924; x_wconf 90' lang='grc' dir='ltr'>πόλιν</span> <span class='ocrx_word' id='word_1_501' title='bbox 1359 4890 1390 4935; x_wconf 90' lang='grc' dir='ltr'>με</span> <span class='ocrx_word' id='word_1_502' title='bbox 1407 4871 1485 4939; x_wconf 80' lang='grc' dir='ltr'>προή-</span> 
     </span>
     <span class='ocr_line' id='line_1_100' title="bbox 981 4951 1483 5026; baseline -0.004 -19"><span class='ocrx_word' id='word_1_503' title='bbox 981 4975 1036 5023; x_wconf 88' lang='grc' dir='ltr'>γον.</span> <span class='ocrx_word' id='word_1_504' title='bbox 1054 4951 1116 5026; x_wconf 81' lang='lat' dir='ltr'><strong>Igu.</strong></span> <span class='ocrx_word' id='word_1_505' title='bbox 1133 4951 1215 5007; x_wconf 87' lang='lat' dir='ltr'><strong>Rom.</strong></span> <span class='ocrx_word' id='word_1_506' title='bbox 1234 4969 1260 5023; x_wconf 90' lang='lat'>9.</span> <span class='ocrx_word' id='word_1_507' title='bbox 1302 4951 1483 5020; x_wconf 82' lang='grc' dir='ltr'>προσχὼν...</span> 
     </span>
     <span class='ocr_line' id='line_1_101' title="bbox 981 5029 1483 5105; baseline -0.002 -18"><span class='ocrx_word' id='word_1_508' title='bbox 981 5038 1012 5103; x_wconf 75' lang='grc' dir='ltr'>τῇ</span> <span class='ocrx_word' id='word_1_509' title='bbox 1026 5035 1169 5104; x_wconf 86' lang='grc' dir='ltr'>Σμυρναίων</span> <span class='ocrx_word' id='word_1_510' title='bbox 1178 5036 1262 5088; x_wconf 92' lang='grc' dir='ltr'>πόλει.</span> <span class='ocrx_word' id='word_1_511' title='bbox 1278 5029 1362 5086; x_wconf 69' lang='lat' dir='ltr'><strong>Marb.</strong></span> <span class='ocrx_word' id='word_1_512' title='bbox 1375 5029 1437 5105; x_wconf 83' lang='lat' dir='ltr'><strong>Igu.</strong></span> <span class='ocrx_word' id='word_1_513' title='bbox 1455 5048 1483 5102; x_wconf 83' lang='grc'>3.</span> 
     </span>
     <span class='ocr_line' id='line_1_102' title="bbox 982 5111 1485 5184; baseline -0.002 -16"><span class='ocrx_word' id='word_1_514' title='bbox 982 5118 1008 5168; x_wconf 74' lang='grc' dir='ltr'>αἱ</span> <span class='ocrx_word' id='word_1_515' title='bbox 1031 5117 1075 5184; x_wconf 80' lang='grc' dir='ltr'>τῆς</span> <span class='ocrx_word' id='word_1_516' title='bbox 1096 5114 1185 5170; x_wconf 80' lang='grc' dir='ltr'>Ἀσίας</span> <span class='ocrx_word' id='word_1_517' title='bbox 1207 5117 1302 5169; x_wconf 85' lang='grc' dir='ltr'>πόλεις.</span> <span class='ocrx_word' id='word_1_518' title='bbox 1325 5111 1361 5167; x_wconf 89' lang='lat' dir='ltr'>ib.</span> <span class='ocrx_word' id='word_1_519' title='bbox 1403 5134 1485 5183; x_wconf 88' lang='grc' dir='ltr'>παρα·</span> 
     </span>
     <span class='ocr_line' id='line_1_103' title="bbox 981 5196 1482 5265; baseline -0.002 -16"><span class='ocrx_word' id='word_1_520' title='bbox 981 5197 1077 5265; x_wconf 78' lang='grc' dir='ltr'>μείβων</span> <span class='ocrx_word' id='word_1_521' title='bbox 1099 5199 1189 5252; x_wconf 87' lang='grc' dir='ltr'>νόσους</span> <span class='ocrx_word' id='word_1_522' title='bbox 1216 5218 1243 5248; x_wconf 93' lang='grc' dir='ltr'>τε</span> <span class='ocrx_word' id='word_1_523' title='bbox 1271 5196 1311 5248; x_wconf 82' lang='grc' dir='ltr'>καὶ</span> <span class='ocrx_word' id='word_1_524' title='bbox 1334 5196 1428 5249; x_wconf 89' lang='grc' dir='ltr'>πόλεις.</span> <span class='ocrx_word' id='word_1_525' title='bbox 1456 5208 1482 5264; x_wconf 89' lang='grc'>5.</span> 
     </span>
    </p>
   </div>
   <div class='ocr_carea' id='block_1_23' title="bbox 983 5273 1481 5349">
    <p class='ocr_par' dir='ltr' id='par_1_23' title="bbox 983 5273 1481 5349">
     <span class='ocr_line' id='line_1_104' title="bbox 983 5273 1481 5349; baseline -0.002 -19"><span class='ocrx_word' id='word_1_526' title='bbox 983 5279 1044 5330; x_wconf 87' lang='grc' dir='ltr'>κατὰ</span> <span class='ocrx_word' id='word_1_527' title='bbox 1058 5281 1133 5331; x_wconf 84' lang='grc' dir='ltr'>πολιν</span> <span class='ocrx_word' id='word_1_528' title='bbox 1142 5281 1230 5345; x_wconf 89' lang='grc' dir='ltr'>μένειν.</span> <span class='ocrx_word' id='word_1_529' title='bbox 1248 5273 1336 5331; x_wconf 77' lang='lat' dir='ltr'><strong>Mart.</strong></span> <span class='ocrx_word' id='word_1_530' title='bbox 1350 5273 1442 5349; x_wconf 86' lang='lat' dir='ltr'><strong>Polyc.</strong></span> <span class='ocrx_word' id='word_1_531' title='bbox 1456 5287 1481 5344; x_wconf 89' lang='lat'>5.</span> 
     </span>
    </p>
   </div>
   <div class='ocr_carea' id='block_1_24' title="bbox 0 0 1636 6612">
    <p class='ocr_par' dir='ltr' id='par_1_24' title="bbox 0 0 1636 6612">
     <span class='ocr_line' id='line_1_105' title="bbox 0 0 1636 6612; baseline 0 0"><span class='ocrx_word' id='word_1_532' title='bbox 0 0 1636 6612; x_wconf 95' lang='lat' dir='ltr'> </span> 
     </span>
    </p>
   </div>
  </div>
 </body>
</html>
