3250 6617
608 1094 663 1155 ΕΤ
686 1094 1024 1157 FORMULARUM.
1345 1097 1384 1159 41

238 1269 361 1338 Διωγμός.
404 1265 449 1318 Ἐκ
465 1264 556 1318 τούτου
571 1309 576 1319 .
590 1309 595 1319 .
608 1310 612 1318 .
627 1265 736 1335 διωγμὸς
752 1267 792 1318 καὶ

277 1347 459 1400 ἀκαταστασία.
498 1343 586 1401 Clem.
612 1343 627 1398 Ι
652 1362 677 1416 3.
742 1349 792 1398 τών

277 1430 383 1481 πολλῶν
407 1427 447 1481 ε’πῖ
479 1430 633 1494 Δομετιανοῦ
668 1425 790 1496 διωγμῶν.

278 1505 364 1563 Mart.
381 1506 442 1580 Ign.
464 1525 486 1561 1.
540 1505 710 1576 λωφήσαντος
728 1508 792 1575 πρὸς

277 1584 366 1659 ἀλίγον
384 1592 429 1641 τοῦ
450 1588 570 1659 διωγμοῦ.
593 1585 629 1641 ib.
682 1586 792 1652 διωγμόν

278 1669 410 1735 ύπορίνειν
431 1667 622 1735 ἀπειλησαντος.
651 1684 674 1721 2.
728 1667 791 1736 ὑπὲρ

277 1751 322 1816 της
344 1753 389 1802 τοῦ
414 1750 525 1819 διωγμοῦ
547 1747 737 1802 καταπαύσεως.
763 1747 788 1800 6.

278 1831 419 1883 κατέπαυσε
436 1833 480 1882 τὸν
496 1830 611 1900 διωγμόν.
633 1826 719 1883 Mart.
736 1825 788 1881 Po·

277 1907 330 1982 lyc.
349 1927 371 1964 1.

238 1993 349 2044 Διώκειν.
412 1990 488 2061 με’χρι
512 1990 618 2044 θανάτου
646 1989 790 2058 διωχθῆναι.

279 2067 370 2126 016111.
384 2069 398 2124 Ῑ
411 2089 438 2139 4.
461 2072 510 2124 ὑπὸ
520 2072 602 2124 Σαούλ
616 2116 620 2124 .
634 2115 639 2124 .
655 2112 660 2122 .
675 2069 791 2138 ε’διώχθη.

278 2149 315 2205 ib.
369 2152 529 2221 ἐδιώχθησαν
552 2153 592 2204 καὶ
614 2151 661 2206 ἕως
685 2151 793 2203 θανάτου

278 2230 366 2298 ἦλθαν.
383 2246 409 2302 5.
463 2234 511 2285 Διὰ
536 2235 612 2300 ζῆλος
644 2231 793 2299 διωχθεῖσαι

278 2317 399 2384 γυναῖκες.
418 2313 444 2365 6.
503 2312 680 2382 Ἐδιώχθησον
694 2312 792 2369 δίκαιοι,

278 2393 336 2446 ἀλλ’
357 2394 406 2447 ύπδ
425 2393 529 2457 ἀνόμων.
547 2406 593 2462 45.
638 2394 678 2445 καὶ
697 2390 791 2457 διώξω-

277 2496 324 2541 μεν
353 2477 455 2542 μᾶλλον
482 2476 526 2540 την
556 2472 654 2543 ἀρετὴν.
684 2470 715 2525 ΙΙ
749 2488 791 2525 10.

278 2554 394 2621 διώξετοι
415 2553 478 2622 ἡμᾶς
494 2554 584 2623 εἰρήνη.
601 2551 638 2607 ib.
689 2555 718 2605 τὸ
737 2573 793 2618 κερ·

278 2636 370 2688 δάλεον
383 2636 521 2689 διώκοντες.
539 2633 562 2688 F
564 2652 653 2708 ragm.
670 2630 708 2687 ἱὶἰ.
736 2634 792 2684 διω-

278 2718 382 2783 κόμενον
394 2715 506 2784 ἀσθμοτι
519 2719 626 2782 πνεῦμα.
642 2711 701 2769 viii.
746 2714 793 2765 Διά

277 2801 354 2849 τοῦτο
368 2798 407 2849 καὶ
421 2796 586 2865 ἐδιώχθησαν.
612 2793 675 2867 Ign.
693 2790 790 2866 Magn.

279 2878 306 2931 8.
360 2877 460 2944 ἀληθῶς
485 2877 593 2946 ε’διώχθη
617 2878 659 2929 ἐπὶ
684 2875 793 2926 Ποντίου

278 2958 402 3012 Πιλάτου.
418 2955 503 3011 Trall.
522 2975 546 3029 9.

237 3041 334 3109 Δόγμα.
377 3041 429 3093 τοῖς
448 3039 573 3109 δόγμασιν
585 3041 630 3091 τοῦ
646 3041 740 3106 Κυρίου
754 3041 794 3092 καὶ

278 3123 329 3171 τών
342 3118 496 3172 ἀποστόλων
521 3117 583 3192 Igu.
601 3116 697 3192 Magn.
715 3137 762 3190 13.

238 3198 410 3270 Δογματίζειν.
453 3200 515 3267 μηδὲ
537 3201 679 3252 ἀλλοιοῦσά
700 3223 724 3253 τι
743 3206 794 3270 τῶν

278 3279 514 3351 δεδογματισμένων
535 3280 576 3333 ὑπ’
597 3281 681 3333 αὐτοῦ.
700 3278 789 3335 016111.

278 3357 294 3413 I
312 3377 357 3414 20.
413 3360 487 3413 οὐδὲν
504 3361 538 3426 μὴ
554 3359 670 3430 παρέλθῃ
690 3367 740 3414 τών
752 3361 793 3413 δε-

277 3438 493 3510 δογματισμένων.
512 3454 558 3510 27.

238 3523 333 3596 Δοκεῖν.
355 3521 387 3573 Τί
397 3520 508 3580 &onim
530 3517 620 3576 clem.
633 3516 649 3572 I
660 3537 708 3590 43,
720 3518 752 3575 Π
766 3534 793 3591 7.

279 3600 335 3674 ὅσῳ
350 3601 418 3654 δοκεῖ
434 3603 535 3668 μᾶλλον
553 3601 644 3668 μείζων
657 3596 725 3655 εἶναι.
743 3602 793 3668 48.

279 3680 295 3750 ἢ
335 3681 388 3734 καθ
417 3681 547 3750 ὑπεροχὴν
574 3681 714 3736 δοκοῦντας.
745 3695 792 3753 57.

278 3762 371 3832 ἕρημος
390 3761 469 3814 ε’δόκει
488 3756 549 3814 εῖναι
567 3760 618 3814 ἀπὸ
635 3764 681 3814 τοῦ
700 3766 795 3816 θεοῦό

278 3844 341 3898 λαδς
362 3841 437 3910 ἡμῶν.
460 3839 492 3895 II
516 3858 540 3896 2.
586 3846 636 3893 τῶν
657 3841 797 3897 δοκούντων

279 3924 348 3992 ἔχειν
362 3925 434 3976 θεόν.
450 3919 487 3976 ib.
533 3922 609 3988 ἔδοξα
627 3921 707 3992 εύρών
723 3924 794 3992 ὑμεῖς.

247 3996 251 4001 ’
281 4001 344 4078 Ign.
361 4001 446 4057 Trall.
466 4019 489 4057 1.
539 4003 605 4058 τινὲς
620 4002 798 4075 ...λέγουσιν

280 4087 310 4138 τὸ
333 4087 415 4139 δοκιῖν
438 4084 587 4139 πεπονθέναι
612 4084 697 4145 αὐτὸν,
726 4085 797 4137 αὐτοὶ

281 4165 351 4221 ὄντες
364 4167 394 4218 τό
411 4165 500 4218 δοκεῖν.
522 4182 564 4219 10.
607 4167 637 4217 τὸ
654 4165 735 4218 δοκεῖν
753 4166 796 4218 αῦ-

281 4247 326 4298 τδν
339 4245 497 4304 πεπονθέναι,
518 4246 588 4297 αὐτοὶ
608 4246 638 4297 τὸ
657 4246 738 4298 δοκεῖν
756 4245 797 4298 όν-

282 4347 329 4380 τες.
351 4324 464 4398 Smyrn.
483 4341 508 4378 2.
551 4325 582 4378 Εί
600 4325 650 4395 γὰρ
668 4326 698 4377 τὸ
717 4324 798 4377 δοκεῖν

282 4410 360 4459 ταῦτα
372 4406 486 4476 ε’πράχθη
498 4406 546 4458 ύπδ
557 4408 603 4457 ταῦ
614 4405 707 4475 Κυρίου
719 4404 796 4472 ἡμῶν,

283 4485 351 4556 κάγὼ
369 4489 399 4539 τδ
417 4485 499 4538 δοκεῖν
516 4485 626 4553 δέδεμαι.
643 4504 668 4554 4.
712 4489 748 4538 Τά
769 4485 797 4538 δὲ

282 4565 392 4634 ἀνόμστα
416 4567 517 4619 αῦτών.
534 4608 539 4619 .
557 4608 562 4620 .
579 4566 625 4618 οῦκ
651 4566 726 4633 ἔδοξέ
755 4588 798 4635 μοι

282 4648 421 4718 ἐγγράψαι.
439 4660 467 4716 5.
509 4669 534 4699 τι
554 4645 644 4699 δοκοῦν
657 4642 718 4700 εἶναι
738 4649 797 4699 τολ-

282 4729 369 4799 μηρόν.
396 4724 510 4800 Fragm.
534 4723 563 4780 ii.
608 4729 640 4780 01
668 4728 799 4782 δοκοῦντες

282 4807 427 4875 ἀξιόπιστοι
441 4803 511 4861 εῖναι.
528 4804 622 4879 Polyc.
640 4824 665 4877 3.
708 4806 798 4873 Ἡμεῖς

283 4887 329 4942 οῦν
342 4910 386 4942 σοι
405 4888 526 4956 δοκοῦμεν
541 4888 603 4939 κατὰ
622 4891 688 4941 νοῦν.
710 4884 795 4942 Mart.

284 4966 348 5043 1311,
367 4985 391 5024 2.
435 4965 527 5039 ἦνγάρ
543 4967 675 5037 ἐπιφανὴς,
691 4969 725 5023 ώς
743 4969 799 5021 ε’δό-

283 5071 349 5104 κουν.
368 5048 394 5103 6.
443 5050 506 5100 Τότε
527 5048 614 5114 ἔδοξεν
633 5049 718 5103 αὐτοῖς
738 5051 798 5115 όμα-

284 5129 396 5198 θνμαδδν
419 5128 564 5196 ε’πιβοῆσαι.
589 5125 674 5184 Mm.
702 5125 796 5201 Polyc.

244 5225 400 5360 Δούιηῖάζιιν.
441 5288 550 5355 βεβαίαν
567 5288 638 5358 ύμιῖν
653 5289 742 5345 πίστιν
755 5289 801 5341 οῦκ

874 1264 1038 1334 ε’δοκίμασεν,·
1069 1265 1232 1322 (11611111.
1287 1268 1387 1336 δοκιμά·

875 1368 965 1402 σοντες
985 1349 1021 1420 τῷ
1042 1346 1178 1415 Πνεύματι.
1201 1366 1247 1415 42.
1307 1348 1388 1418 ἕτεροι

873 1427 1079 1495 δεδοκιμασμένοι
1099 1429 1194 1498 ἀνδρες.
1219 1447 1266 1497 44.
1316 1429 1388 1500 ἀνδρὶ

874 1507 1077 1582 δεδοκιμασμὶνῳ
1094 1508 1154 1578 παρ’
1175 1511 1266 1564 αὐτοῖς.
1285 1523 1330 1579 47.
1373 1509 1388 1561 ὃ

873 1589 903 1639 δν
913 1589 1004 1643 ἐκεῖνος
1012 1590 1142 1657 δοκιμάσῃ.
1157 1587 1344 1662 131181117111.
1358 1590 1386 1643 8.

833 1671 948 1732 Δόκιμος.
998 1670 1151 1740 δοκιμώτερα
1185 1671 1248 1740 ύπέρ
1280 1671 1389 1740 χρυσίον

873 1748 947 1804 ὀστᾶ.
963 1747 1047 1804 Mart.
1066 1748 1159 1823 Polye.
1181 1753 1223 1804 18.

833 1832 924 1884 Δόλος.
966 1829 1158 1900 ἀπορρίψαντες
1171 1831 1217 1902 ἀφ’
1234 1833 1346 1885 ἑαυτῶν.
1361 1873 1387 1885 ,.

875 1910 972 1965 δόλους.
999 1907 1087 1965 (116111.
1110 1909 1124 1964 Ι
1145 1925 1191 1981 35.
1249 1913 1317 1985 δολιρ
1340 1934 1388 1965 πο·

874 1995 940 2124 ἒηριξ
967 1993 996 2043 τὸ
1020 1991 1097 2059 ὄνομα
1124 1992 1280 2062 περιφέρειν.
1325 1990 1387 2065 Igu.

901 2089 920 2144 P
942 2113 948 2125 ·
967 2084 991 2141 7·

834 2152 911 2218 Δόξα.
969 2155 1046 2204 Πᾶσα
1074 2152 1136 2217 δόξα
1164 2154 1203 2205 καὶ
1231 2156 1388 2220 πλατυσμός.

876 2229 965 2286 Clem.
988 2230 1002 2285 Ι
1019 2247 1045 2301 3.
1102 2233 1138 2287 είς
1157 2235 1203 2285 τὸν
1223 2233 1391 2303 ὀφειλόμενον

875 2315 953 2366 τόπον
977 2315 1022 2379 της
1049 2311 1134 2378 δόξης.
1162 2326 1188 2381 5.
1245 2314 1390 2384 λειτουργῆ-

875 2415 969 2447 σαντας
990 2397 1020 2459 τῇ
1044 2395 1234 2462 μεγαλοπρεπεῖ
1261 2394 1323 2461 δόξη
1347 2395 1390 2446 οῦ-

875 2477 928 2526 ταῦ.
956 2491 981 2543 9.
1037 2472 1155 2538 ἀτενίζων
1181 2474 1217 2529 εἷς
1243 2475 1289 2542 τὴν
1315 2474 1392 2540 δόξαν

874 2557 920 2605 τοῦ
948 2557 1021 2606 θεοῦ.
1045 2566 1088 2623 17.
1131 2549 1152 2627 ᾧ
1180 2554 1195 2622 ἡ
1223 2555 1285 2622 δόξα
1313 2557 1353 2608 καὶ
1376 2555 1391 2622 ἡ

874 2632 1043 2703 μεγαλωσύνη
1072 2635 1108 2690 είς
1133 2635 1192 2690 τοῦς
1216 2637 1314 2691 αἰῶνας.
1344 2652 1388 2688 20.

876 2715 921 2766 οῦκ
942 2715 969 2766 ἐν
981 2717 1057 2783 μικρᾷ
1077 2715 1139 2781 δόξη
1158 2716 1324 2785 ὑπάρχουσιν.
1342 2731 1389 2785 32.

876 2790 979 2866 ηῖέστω
998 2794 1098 2861 ἡδόξα.
1114 2793 1151 2848 ib.
1215 2792 1391 2869 ᾦὴδόξαείς

876 2876 935 2929 τοῦς
949 2876 1048 2930 αἰῶνας.
1070 2876 1117 2945 38,
1133 2891 1180 2945 43,
1196 2889 1243 2945 45,
1258 2890 1304 2946 50.
1347 2877 1389 2929 δό·

878 2955 925 3022 ξαν
945 2957 986 3008 καὶ
1008 2956 1081 3023 τιμὴν
1104 2957 1315 3027 ε’κληρονόμησαν.
1343 2970 1390 3026 45.

878 3034 909 3089 δι’
930 3034 961 3088 οῦ
981 3036 1048 3110 αύτῷ
1069 3037 1131 3104 δόξα
1153 3039 1192 3090 καὶ
1212 3038 1388 3108 μεγαλωσύνη.

879 3117 925 3186 58.
982 3117 1014 3169 δι’
1035 3116 1065 3170 ού
1083 3118 1151 3190 αύτῷ
1169 3118 1239 3185 δόξα.
1258 3117 1324 3186 τιμή.
1341 3132 1390 3189 59.

878 3198 913 3253 εῖς
947 3195 1072 3267 πλήρωμα
1099 3199 1174 3265 δόξης
1208 3198 1286 3252 αὐτοῦ
1313 3201 1391 3268 φανε-

876 3276 964 3348 ρωθὲν.
991 3276 1105 3350 Fragm.
1128 3276 1186 3333 viii.
1254 3280 1289 3334 εῖς
1316 3279 1393 3345 δόξαν

877 3360 1030 3429 παράμονον.
1047 3357 1111 3432 Igu.
1134 3357 1207 3432 Eph.
1225 3357 1313 3414 Inscr.
1356 3361 1392 3414 είς

878 3440 1042 3510 εὐχαριστίαν
1070 3442 1136 3492 θεοῦ
1167 3441 1206 3492 καὶ
1237 3441 1273 3495 εἰς
1305 3440 1352 3507 δόξ
1383 3481 1389 3492 .

882 3535 928 3590 13.
991 3522 1114 3590 παρόντες
1141 3520 1176 3575 είς
1192 3541 1194 3544 ⁴
1211 3520 1288 3586 δόξαν
1315 3523 1389 3573 θεοῦ.

878 3597 978 3675 Magn.
1004 3613 1049 3669 15.
1100 3602 1163 3670 Περὶ
1183 3605 1234 3653 τῶν
1253 3600 1392 3671 προελθόν-

878 3702 929 3733 των
939 3679 1063 3747 με...εῖς
1076 3679 1208 3746 δόξοντοῦ
1219 3684 1293 3736 θεοῦ.
1306 3679 1389 3737 Rom.

882 3776 928 3816 10.
980 3758 1038 3812 ἀλλ’
1053 3759 1088 3815 εἷς
1115 3759 1193 3823 δόξαν
1219 3765 1286 3814 θεοῦ
1312 3762 1392 3816 πλέον

877 3839 1077 3894 δουλευίτωσαν.
1092 3837 1186 3914 Polyc.
1205 3859 1230 3909 4.
1294 3841 1392 3911 δοξάσῃ

878 3922 947 3988 ύμών
967 3921 1012 3989 τὴν
1032 3919 1120 3974 ἀοκνον
1137 3921 1237 3992 ἀγάπην
1258 3922 1294 3978 είς
1315 3923 1393 3990 δόξαν

878 4006 1000 4071 Χριστοῦ.
1017 4013 1043 4071 7,
1097 4001 1188 4069 ηδόξα
1204 4001 1390 4074 τώνάγγίλων.

880 4080 993 4156 Smyrn.
1010 4081 1036 4136 6.
1093 4083 1168 4136 δόντα
1181 4083 1249 4158 αὐτῷ
1262 4084 1340 4150 δόξαν
1353 4087 1393 4137 καῖ

879 4162 977 4232 θρόνον.
1007 4159 1101 4235 Polyc.
1132 4161 1203 4218 Phil.
1236 4180 1262 4217 2.
1316 4164 1393 4231 ἀξίως

878 4245 924 4309 τῆς
947 4243 1050 4310 ἐντολῆς
1070 4244 1147 4297 αὐτοῦ
1161 4246 1200 4297 καὶ
1222 4244 1298 4312 δόξης
1321 4234 1410 4315 περι(

878 4326 973 4377 πατεῖν.
991 4336 1018 4392 5.
1061 4323 1093 4375 δι’
1114 4323 1144 4377 οῦ
1166 4326 1206 4376 καὶ
1228 4323 1284 4393 μεθ’
1305 4323 1335 4376 οὗ
1356 4328 1392 4398 τῷ

880 4405 964 4474 Πατρὶ
995 4403 1010 4470 ἡ
1046 4404 1115 4471 δόξ.
1154 4401 1239 4460 Mart.
1270 4402 1333 4477 Igu.
1364 4415 1389 4475 7.

879 4484 934 4551 μεθ
958 4482 989 4536 οῦ
1013 4506 1057 4538 σοι
1078 4487 1118 4537 καῖ
1142 4484 1268 4552 Πνεύματι
1289 4485 1352 4558 ἀγίιρ
1377 4484 1392 4551 ἢ

881 4564 951 4632 δόξα.
968 4562 1055 4619 Mart.
1072 4561 1167 4638 Polyc.
1184 4582 1227 4635 14.
1264 4561 1286 4638 ᾦ
1296 4565 1391 4632 mea,

879 4643 946 4714 τιμή.
965 4650 1055 4708 20‚et
1072 4661 1117 4699 21.
1160 4645 1216 4714 μεθ’
1236 4644 1267 4698 οῦ
1280 4645 1342 4712 δόξα
1356 4650 1392 4719 τῷ

880 4728 937 4799 Θεῷ
962 4727 1002 4778 καὶ
1025 4727 1116 4796 Πατρί.
1143 4742 1190 4780 22.
1236 4720 1258 4799 ᾦ
1279 4725 1294 4792 ἢ
1318 4726 1391 4793 δόξα,

881 4806 931 4859 σῦν
944 4806 1035 4875 Πατρί.
1050 4803 1088 4860 ib.

840 4885 969 4953 Δοξάζειν.
1024 4886 1159 4953 δοξοσθεὶς
1194 4887 1312 4956 μεγάλως
1348 4886 1394 4940 οῦκ

879 4967 1154 5039 ε’μεγαλαρρημόνησεν.
1190 4963 1278 5020 Clem.
1306 4964 1321 5020 1
1347 4978 1391 5038 17.

880 5048 978 5101 Πάντες
998 5044 1044 5100 οῦν
1063 5047 1248 5115 ἐδοξάσθησαν.
1268 5063 1315 5118 32.
1358 5049 1394 5103 είς

879 5128 911 5180 τδ
923 5126 1079 5194 δοξοσθῆνοι
1091 5129 1121 5180 τὸ
1131 5127 1216 5196 ὄνομα
1230 5143 1275 5198 43.
1319 5126 1394 5193 δοξά·

881 5208 932 5273 ζειν
948 5205 1050 5274 Ἰησοῦν
1061 5208 1174 5278 Χριστόν
1189 5208 1234 5261 τὸν
1248 5207 1394 5274 δοξάσοντα

882 5283 1128 5422 ύμᾶς.134ι.1)ρ11.
1152 5303 1178 5342 2.
1234 5287 1343 5355 δοξάσαι
1363 5290 1393 5340 τὸ
