3250 6617
385 1088 438 1153 xiv
635 1088 695 1152 DE
718 1087 750 1151 S.
775 1088 1033 1154 CLEMENTIS
1057 1089 1167 1153 ROM.

706 1261 1059 1351 ‘immotum-

707 1359 852 1431 nam
865 1362 1065 1449 ‘'uu-ln&

711 1500 717 1512 .
732 1501 739 1514 .
752 1500 758 1512 .
772 1500 778 1513 .
790 1481 859 1515 mna
873 1459 887 1513 ε’
897 1499 982 1514 .....
993 1461 1027 1526 λη
1041 1468 1071 1514 Β.

707 1559 810 1627 saiwi
823 1560 985 1626 Σολομῶντος
997 1539 1045 1611 Ῑ-Η.

385 1677 556 1755 Catnlogum
570 1675 715 1754 integrum
727 1676 825 1736 videas
838 1677 915 1754 apud
930 1677 1124 1755 Bevcregium,
1139 1675 1208 1735 cod.
1225 1675 1334 1734 Canon.
1349 1675 1428 1735 Eecl.

386 1776 473 1834 Prim.
485 1775 570 1832 vind.
586 1774 634 1832 lib.
646 1774 667 1831 ii
682 1794 734 1851 esp
747 1795 773 1849 9.

425 1870 596 1954 lanitia]
615 1872 663 1932 Ita
676 1872 813 1931 Erasmus
827 1892 965 1932 consensu
979 1873 1069 1932 Codd.
1105 1873 1207 1931 Malim
1220 1880 1317 1932 tamen
1331 1872 1428 1950 legere

383 1973 487 2031 uilitas.
529 1972 606 2030 Nam
621 1972 762 2030 Eusebius
775 1971 863 2030 habet
875 1973 1041 2045 χρησάμενος.
1065 1973 1099 2030 Ε.
1115 1972 1144 2031 S.
1161 1970 1349 2029 CYPRIAN.

424 2072 433 2114 ἱ
446 2071 607 2130 similitudo
620 2067 683 2151 est]
702 2070 779 2129 Satis
792 2069 900 2128 indicat
914 2090 977 2128 eam
988 2070 1148 2148 Epistolam
1158 2070 1250 2129 videri
1261 2069 1427 2141 Clementis,

384 2171 496 2230 etiamsi
509 2177 627 2247 propter
636 2169 829 2228 contentiosos
843 2189 900 2226 non
913 2169 1000 2228 audet
1013 2170 1107 2247 palam
1117 2169 1209 2228 fateri.
1225 2167 1425 2227 ERASMUS.

385 2269 531 2347 Epistolae
544 2269 581 2327 ad
595 2269 744 2326 Hebraeos
757 2267 875 2326 exhibet
891 2266 960 2326 haec
973 2275 1019 2326 tot
1032 2267 1193 2327 consimiles
1207 2266 1427 2345 phraseologias,

385 2374 431 2426 tot
444 2374 586 2426 torrentes
600 2366 680 2443 quasi
702 2367 739 2425 ab
760 2365 853 2423 isthoc
873 2364 952 2424 fonte
972 2367 1116 2439 oriundos,
1128 2375 1163 2425 ut
1183 2387 1240 2424 non
1261 2367 1367 2424 mirum
1388 2365 1428 2425 sit

384 2474 536 2543 utramque
549 2466 642 2524 eidem
662 2463 776 2523 authori
796 2463 998 2540 antiquitatem
1017 2485 1106 2542 paene
1125 2485 1239 2523 omnem
1253 2465 1425 2541 ascripsisse.

386 2562 536 2623 Praetereo
550 2562 634 2633 enim,
648 2562 726 2639 quod
739 2561 839 2620 eadem
855 2582 912 2620 non
926 2583 1015 2640 pauca
1028 2562 1114 2622 habet
1127 2572 1213 2640 atque
1227 2563 1327 2622 eodem
1341 2583 1427 2623 sensu

386 2660 518 2721 Clemens
530 2660 577 2720 hic
591 2668 696 2726 noster,
711 2680 783 2737 quse
801 2659 850 2717 ille
868 2660 979 2733 author,
994 2661 1154 2739 quicunque
1168 2663 1261 2720 fuerat
1273 2662 1427 2739 plusquam

385 2759 535 2830 humanus,
558 2778 609 2817 nec
633 2757 707 2815 alius
729 2764 844 2835 praeter
868 2757 962 2834 ipsum
987 2758 1065 2817 Novi
1090 2758 1278 2817 instrumenti
1303 2758 1429 2835 scriptor

386 2857 441 2915 nlsl
468 2857 611 2915 rarissime
638 2856 740 2914 iisdem
764 2855 866 2928 utitur,
890 2876 917 2914 v.
942 2877 984 2933 gr.
1012 2860 1170 2932 δημιουργός,
1195 2860 1298 2931 νωθρός,
1322 2860 1427 2930 βοηθός,

386 2957 526 3031 ἦγοὺμινοι,
552 2955 713 3030 παρεμβολὴ,
746 2955 851 3024 λιθάζω,
879 2958 1020 3028 φιλοξωία,
1051 2959 1231 3030 ἐγκαταλείποι,
1258 2956 1427 3026 κατάσκοπος,

385 3055 548 3129 ἀπαύγασμα,
572 3053 691 3124 εὐλαβής,
716 3052 858 3124 crispiac,
883 3058 1036 3127 μαρτυριῖνε
1065 3061 1095 3113 et
1121 3053 1203 3130 siqua
1229 3061 1297 3111 sunt
1322 3052 1429 3113 similia

386 3152 514 3230 utrisque
541 3150 710 3223 communia,
734 3149 919 3208 sententiolas
946 3151 1033 3210 etiam
1060 3152 1196 3229 quasdam
1219 3151 1334 3210 videtur
1359 3151 1428 3210 inde

385 3250 547 3327 sumpsisse,
571 3258 601 3308 et
624 3249 655 3306 in
682 3268 744 3306 rem
771 3267 853 3305 suam
879 3251 1111 3323 accommodasse,
1139 3269 1260 3327 quarum
1288 3251 1318 3307 in
1345 3260 1427 3308 tuam

385 3351 517 3429 gratiam,
546 3350 707 3427 quicunque
736 3347 776 3406 sis
805 3347 909 3405 horum
935 3349 1098 3408 Authomm
1124 3349 1277 3421 studiosus,
1304 3349 1427 3408 exhibeo

385 3447 458 3506 hanc
478 3449 702 3525 qualemcunque
722 3449 896 3521 σκιαγραφίαν
915 3456 944 3504 ct
963 3451 1061 3505 πίνακα.

417 3570 511 3618 Arctior
521 3569 557 3618 cd
569 3569 698 3619 Hebraeos,
974 3568 1079 3618 Olcuccns
1089 3569 1220 3617 Ιίονααααα.

447 3678 546 3756 Capi.
581 3694 668 3753 3-5.
810 3674 880 3752 Cap.
891 3677 988 3734 xxxvl.
1002 3675 1052 3736 ‘Oc
1062 3677 1261 3752 ὣνᾶπαίνγααμα
1270 3702 1292 3734 κ.
1301 3703 1324 3735 τ.
1333 3683 1359 3733 λ.

583 3791 610 3850 7.

585 3893 628 3949 13.

447 3973 568 4051 capili
584 3993 608 4030 2.
810 3970 880 4047 Cup.
890 3970 960 4028 xliii.
1003 3977 1099 4031 Πιστὸς
1112 3974 1228 4047 θεράπων
1241 3974 1333 4049 ἕνὸλῳ
1346 3976 1382 4048 τῷ

582 4086 609 4143 5.
1051 4071 1110 4146 οἴκῳ
1123 4076 1215 4130 κ.τ.λ.

447 4170 569 4248 (lnplv.
585 4188 631 4240 14.
811 4168 957 4244 Caplvlil.
1000 4174 1106 4228 Διὰταῦ
1119 4173 1256 4246 ἀρχιερέως
1269 4194 1291 4228 κ.
1301 4195 1324 4226 τ.
1334 4175 1359 4227 λ.

448 4267 569 4346 Capri.
586 4282 712 4341 13-15·
811 4265 881 4343 (lap.
893 4287 919 4325 x.
1000 4271 1343 4344 ’Λβραὸμόφλοςααλ

997 4369 1133 4441 Ἀβραὰμ.
1152 4412 1157 4425 .
1176 4371 1290 4426 ,πιστὸς
1309 4367 1380 4441 εὑρέ·

448 4662 521 4735 Cup.
533 4658 570 4715 xic
583 4676 689 4731 5-2'1,
756 4714 759 4739 Ι
892 4658 940 4715 xli.
995 4663 1036 4716 διὰ
1050 4662 1290 4731 πίατιν...ἐαὼθα
1302 4662 1381 4725 Ῥαὰβ

584 4774 691 4829 μμ,
756 4742 759 4757 ¹
1051 4782 1108 4815 aar.
1118 4763 1143 4815 λ.

756 4894 760 4905 ·
895 4853 960 4912 xvii.
995 4855 1090 4914 Oirms
1109 4858 1136 4912 ἰν
1153 4858 1274 4931 δέρμασιν
1290 4860 1379 4913 κ.τ.λ.

449 4950 590 5027 (Ῐαμιὶἰὶ,
609 4968 671 5019 Ι,2,
757 4962 760 5007 l
812 4954 932 5030 lispxl,
995 4957 1042 5010 Aul
1070 4956 1218 5027 φιλοξενίαν
1325 4959 1383 5010 Λὼτ

1053 5053 1138 5122 ἐσώθη
1151 5077 1174 5109 κ,
1189 5077 1211 5109 τ.
1227 5058 1254 5111 λ.

630 5164 671 5219 ¹7-
813 5150 880 5225 (lup.
896 5151 911 5207 i.
996 5152 1197 5222 incausatum
1225 5157 1278 5212 raia
1307 5154 1382 5228 ἦγον

1052 5252 1142 5319 νίνου.

1195 5326 1387 5393 ΘΒΑΒῑῦᾶ
