3250 6617
506 1062 565 1126 Du
589 1062 621 1126 S.
640 1063 819 1127 IGNA'PII
842 1063 1081 1129 EPISTOLIS.
1235 1065 1311 1129 xlvii

272 1234 379 1320 1718.]
429 1235 616 1301 Whistonus
637 1260 694 1322 pro
716 1238 861 1318 ethaeus,
878 1239 1083 1324 quodcunque
1104 1238 1151 1302 illi
1173 1239 1311 1316 libuerit,

267 1338 422 1402 scribendi
442 1339 579 1419 licentia,
595 1341 708 1406 acriter
729 1342 893 1406 contendit
911 1342 1069 1426 Epistolas
1090 1342 1311 1426 Interpolatas,

267 1441 386 1506 dudum
412 1467 431 1507 a
450 1444 574 1509 literato
595 1453 725 1530 totoque
749 1469 847 1530 paene
871 1445 1052 1509 Christiano
1072 1445 1146 1509 orbe
1171 1447 1311 1531 rejectas,

266 1567 355 1609 veras
384 1568 449 1611 esse
478 1570 514 1612 ac
542 1549 739 1613 authenticas
770 1548 803 1612 S.
825 1549 946 1632 Ignatii
975 1547 1151 1631 Epistolas3
1188 1571 1311 1632 easque,

266 1671 343 1731 quas
368 1671 407 1712 ex
433 1650 633 1716 celeberrimo
656 1651 770 1716 Codice
793 1652 937 1716 Mediceo
959 1651 1059 1715 edidit
1081 1652 1207 1715 Isaacus
1228 1652 1310 1715 Vos·

265 1750 339 1829 sius,
363 1754 416 1816 &c
441 1775 506 1817 esse
531 1754 700 1838 Epitomen
727 1755 766 1818 ab
789 1755 977 1832 Athanasio,
999 1754 1050 1817 vel
1076 1754 1237 1832 Marcello,
1259 1755 1311 1819 vel

265 1854 325 1918 alio
354 1855 459 1939 aliquo
485 1857 597 1921 aetatis
622 1858 706 1921 illius
732 1857 811 1935 viro,
839 1857 920 1922 male
946 1858 1130 1934 confectam,
1155 1879 1190 1920 ac
1217 1856 1310 1920 Chri-

264 1957 383 2022 stianae
406 1960 561 2023 Ecclesiae
589 1961 760 2025 obtrusam.
784 1980 804 2025 *
836 1981 857 2024 *
888 1980 908 2025 *
940 1980 960 2024 *
993 1981 1013 2026 *
1058 1959 1146 2024 Quae
1170 1982 1243 2023 vero
1269 1959 1309 2021 ab

263 2083 299 2125 eo
334 2061 492 2143 dicuntur,
521 2063 611 2128 facile
644 2064 837 2127 reducuntur
872 2063 912 2127 ad
948 2065 1067 2148 stylum
1100 2062 1150 2126 vel
1186 2061 1309 2125 dicendi

264 2164 458 2243 methodum,
489 2167 714 2251 materiamque
750 2172 783 2230 et
812 2166 952 2230 internos
982 2166 1184 2242 characteres,
1214 2169 1308 2247 atque

262 2272 391 2330 externa
421 2267 612 2346 testimonia,
642 2269 703 2332 viz.
734 2270 866 2333 Patrum
901 2269 1075 2345 citationes,
1102 2267 1151 2331 vel
1188 2289 1306 2344 eorum,

262 2391 341 2452 quae
363 2370 557 2454 frequentius
579 2372 613 2434 in
635 2372 861 2456 Antiquiorum
883 2372 1007 2456 scriptis
1029 2376 1207 2449 occurrunt,
1228 2371 1306 2434 allu-

261 2472 362 2536 siones
377 2474 417 2536 ad
433 2474 553 2558 Ignatii
571 2475 737 2560 Epistolas.

304 2573 353 2638 De
377 2576 459 2659 stylo
482 2584 588 2641 autem
610 2578 796 2642 Breviorum
818 2576 1032 2661 Epistolarum
1054 2577 1206 2660 queritur,
1222 2579 1305 2662 quod

259 2700 371 2760 parum
394 2678 531 2743 Graecus
554 2687 621 2758 est,
655 2688 687 2744 et
711 2681 794 2764 quod
820 2682 923 2764 plures
949 2680 998 2743 his
1020 2681 1172 2763 Epistolis
1195 2682 1306 2746 insunt

260 2783 444 2860 sententiae,
466 2806 544 2867 quas
566 2785 592 2847 si
615 2784 655 2847 ad
681 2785 828 2868 probatas
855 2785 973 2847 Graece
999 2784 1154 2849 scribendi
1179 2787 1306 2868 regulas

259 2884 433 2967 exigamus,
452 2908 612 2950 necessum
634 2893 682 2950 est
704 2896 740 2950 ut
762 2909 970 2971 agnoscamus
993 2886 1159 2970 Ignatium
1182 2910 1217 2951 ea
1240 2910 1305 2952 non

259 2987 426 3071 scripsisse.
473 2988 578 3052 Quam
593 2990 693 3053 futilis
708 3014 782 3054 vero
802 2997 836 3055 et
856 2990 973 3053 nullius
996 2990 1143 3073 ponderis
1164 2990 1206 3053 sit
1228 2991 1305 3054 haec

258 3089 401 3173 objectio,
428 3090 519 3154 facile
544 3092 711 3169 constabit,
738 3092 836 3176 siquis
865 3092 905 3155 ad
934 3091 1014 3154 illud
1043 3091 1185 3154 animum
1211 3114 1303 3155 suum

257 3191 411 3271 advertat,
434 3194 466 3255 S.
484 3194 662 3279 Martyrem
683 3194 798 3278 Syrum
820 3194 926 3271 fuisse,
941 3217 1005 3259 non
1026 3194 1181 3258 Graecum
1192 3220 1202 3271 ;
1225 3195 1302 3258 adeo

256 3300 294 3357 ut
314 3316 405 3358 nemo
421 3297 493 3378 jure
513 3296 655 3374 miretur,
670 3296 697 3359 si
715 3298 837 3381 saepius
855 3297 939 3381 apud
954 3320 1027 3361 eum
1042 3297 1159 3361 frustra
1174 3305 1301 3381 quaerat

257 3397 394 3462 Graecae
409 3399 554 3483 Linguae
568 3398 693 3463 idioma.
738 3400 782 3463 Et
803 3407 850 3478 ut,
866 3400 950 3485 quod
972 3424 1032 3485 ego
1052 3401 1164 3478 sentio,
1179 3400 1300 3479 dicam,

256 3500 283 3564 si
308 3502 391 3566 solae
416 3508 576 3566 exstarent
598 3502 758 3585 Epistulae
784 3502 1008 3586 Interpolatae,
1029 3503 1108 3567 mihi
1134 3526 1198 3567 non
1223 3504 1301 3568 levis

255 3605 390 3689 suspicio
404 3605 576 3670 exoriretur
596 3611 706 3668 contra
725 3627 833 3669 carum
852 3607 1060 3684 authentiam,
1075 3607 1159 3691 quod
1176 3606 1299 3671 dicendi

255 3707 377 3786 modus,
392 3709 557 3773 verborum
580 3709 655 3772 ordo
675 3732 711 3772 ac
728 3709 907 3787 methodus,
922 3732 959 3772 ac
972 3715 1041 3773 tots
1059 3710 1192 3794 denique
1216 3710 1298 3795 Syn-

254 3811 348 3889 taxis,
374 3812 469 3876 nimis
494 3812 614 3876 Graeca
643 3813 707 3876 sint
719 3839 727 3890 ;
762 3813 982 3897 redoleantque
1011 3813 1113 3897 magis
1139 3821 1299 3898 quartum,

254 3935 316 3997 quo
332 3916 500 3999 Epitomen
518 3917 610 3995 hanc,
625 3917 673 3979 uti
688 3923 790 3995 vocat,
806 3918 981 3981 confectam
996 3917 1092 3981 fuisse
1107 3919 1187 3998 vult,
1203 3942 1298 4002 quam

253 4016 391 4100 primum
422 4019 578 4084 Ecclesiae
610 4020 778 4097 saeculum,
808 4043 844 4084 ae
878 4020 1034 4083 Graecum
1066 4021 1171 4104 potius
1202 4046 1297 4106 quam

255 4119 371 4205 Syrum
399 4131 495 4207 gente
525 4146 560 4188 ac
590 4124 711 4208 origine
740 4147 797 4187 sua
825 4123 971 4186 referant.
1027 4124 1055 4186 Ε
1085 4129 1194 4187 contra
1222 4148 1297 4190 vero

254 4222 439 4288 Breviorum
461 4226 673 4309 Epistolarum
695 4227 808 4310 stylus,
827 4225 951 4290 dicendi
973 4226 1151 4304 methodus,
1169 4232 1295 4292 senten·

252 4325 369 4390 tiorum
390 4351 426 4392 ac
448 4329 613 4393 verborum
635 4330 709 4394 ordo
731 4336 764 4393 et
787 4329 939 4413 Syntaxis
961 4330 1110 4414 apprime,
1132 4329 1295 4412 multoque

251 4430 355 4515 magis
380 4454 475 4515 quam
501 4433 777 4517 Interpolatarum,
801 4433 977 4517 primaevae
1001 4432 1197 4517 simplicitati
1224 4433 1294 4497 rudi

251 4553 288 4596 ac
309 4533 457 4612 incultae,
481 4535 632 4619 Syrorum
653 4536 758 4620 genic,
781 4536 989 4621 moribusque,
1012 4543 1045 4600 et
1070 4526 1193 4600 dicendi
1219 4559 1293 4600 con·

250 4636 421 4715 suetudini,
436 4637 557 4722 ipsique
573 4638 711 4722 Ignatio,
727 4639 781 4722 qui
797 4639 946 4723 Martyrii
961 4640 1027 4703 zelo
1045 4662 1191 4704 accensus
1205 4644 1293 4703 totus

249 4737 390 4817 ardebat,
413 4738 579 4803 convenire
603 4739 768 4803 videntur:
802 4741 878 4804 adeo
908 4749 955 4819 ut,
981 4742 1083 4826 siquid
1112 4743 1292 4827 argumenti

247 4838 321 4904 duci
347 4841 447 4925 possit
472 4864 510 4906 ex
536 4843 630 4927 style,
654 4865 673 4907 a
698 4849 805 4907 nostra
831 4850 920 4927 parte
945 4845 978 4908 id
1002 4868 1094 4909 omne
1118 4845 1160 4909 sit
1171 4871 1181 4923 ;
1215 4846 1291 4910 dum

245 4943 468 5009 contendimus
487 4945 651 5010 Breviores
671 4968 737 5009 esse
760 4968 832 5010 vere
854 4947 1008 5030 genuinas
1030 4952 1062 5011 et
1082 4947 1290 5012 authenticas.

243 5046 425 5113 Nobiscum
438 5053 545 5114 autem
560 5055 735 5128 senserunt,
747 5049 802 5134 qui
817 5049 856 5113 de
871 5049 955 5134 stylo
970 5049 1087 5133 optime
1096 5050 1291 5135 judicarunt,

241 5156 281 5219 et
307 5150 344 5217 in
375 5150 469 5219 mbm
497 5151 625 5219 enfide
653 5151 790 5219 maxime
819 5152 935 5218 versati
964 5154 1103 5232 fuerunt,
1133 5153 1291 5231 Ueserius,
