3250 6617
478 1070 623 1135 INDEX
645 1069 919 1135 EDITIONUM.
1152 1070 1219 1134 lxix

263 1254 284 1284 “
298 1250 370 1309 tum
398 1244 541 1328 supplere
572 1242 700 1307 annisus
729 1249 778 1308 eet
803 1243 853 1307 vir
881 1241 1021 1308 eruditus
1050 1245 1218 1309 Arvmvlus
1231 1256 1386 1307 memnon.

263 1357 284 1388 “
300 1347 463 1412 Β111111111
453 1370 488 1411 m
505 1346 636 1411 Publioo
652 1345 870 1429 Specimine't
843 1368 854 1409 1
856 1346 954 1410 tidem
970 1345 1120 1425 Basileae,
1135 1369 1218 1411 anno

264 1460 387 1534 “1744
406 1450 501 1529 edito,
521 1455 616 1534 atque
639 1450 826 1535 conjecturis
849 1451 935 1514 haud
957 1449 1155 1534 poenitendis
1178 1452 1219 1516 ad

263 1562 285 1592 “
300 1559 426 1618 textum
441 1552 677 1619 clementinum
687 1552 835 1617 editionis
846 1552 1072 1617 Wottonianae
1086 1552 1217 1618 ulterius

263 1665 285 1695 “
299 1657 403 1721 adhuc
418 1656 645 1740 detergendum
660 1655 807 1721 referto.''

182 1761 274 1843 1746,
297 1760 439 1838 11111111,
456 1759 485 1824 8.

307 1864 473 1928 1111111111
498 1864 632 1942 1111111,
655 1864 696 1926 A.
713 1863 762 1927 M.
787 1863 956 1927 editionem
980 1864 1218 1931 Wottonianam

264 1991 338 2053 prae
364 1967 493 2032 caeteris
518 1967 579 2031 sibi
608 1966 798 2052 sequendam
824 1967 918 2031 duxit
942 1968 977 2032 in
1004 1969 1062 2032 SS.
1087 1970 1218 2035 Petrum

265 2070 528 2155 Apostolicorum,
551 2071 723 2148 Barnabae,
747 2071 895 2150 Hermae,
916 2072 1098 2153 Clementis,
1118 2073 1217 2159 Igna-

264 2173 314 2251 tii,
329 2173 504 2258 Polycarpi,
520 2174 675 2258 Operibus
691 2173 856 2251 Genuinis,
870 2182 948 2239 tom.
958 2174 991 2238 ii.

307 2277 421 2341 Textui
436 2276 555 2342 (111111
576 2277 735 2362 Epistolae
756 2277 879 2362 prioris,
899 2277 933 2340 in
954 2280 1071 2364 pagina
1092 2281 1220 2346 sinistra

264 2402 336 2443 cum
370 2379 565 2444 variantibus
600 2379 786 2444 lectionibus
821 2379 981 2460 collocato,
1016 2404 1055 2446 ex
1090 2384 1219 2449 adverso

264 2481 431 2566 respondet
447 2481 559 2547 Versio
581 2482 794 2559 Cotelenana3
819 2482 932 2566 quibus
953 2483 1073 2549 minore
1094 2485 1218 2550 charac-

264 2591 330 2649 tere
359 2585 524 2671 subjicitur
551 2585 698 2663 Juniana,
729 2608 748 2649 1
776 2585 814 2648 11.
846 2585 931 2650 Fello
959 2587 1121 2666 recensita,
1147 2611 1219 2653 oum

263 2687 479 2752 Wottonianis
500 2686 724 2752 variationibus
745 2687 780 2751 in
801 2688 945 2772 margine
966 2690 1086 2774 positis.
1131 2691 1221 2756 Infra

264 2790 372 2855 ordine
387 2790 596 2876 subjiciuntur
609 2791 777 2855 Variorum
791 2790 1083 2858 animadversiones.
1128 2795 1218 2860 Alte-

263 2894 328 2958 rius
350 2893 509 2978 Epistolae
530 2893 821 2978 interpretationem
843 2894 1072 2960 Cotelenanam
1093 2902 1219 2963 tantum

263 2996 417 3061 exhibuit.
462 2997 515 3061 Ad
537 2997 653 3060 calcem
674 2996 844 3061 voluminis
867 2998 961 3083 primi
980 3000 1126 3086 pleraque
1145 3003 1219 3067 sub-

259 3102 339 3186 jecit
363 3102 524 3179 adnotata,
550 3123 567 3165 e
593 3100 649 3165 cel.
678 3100 776 3165 Millii
804 3104 986 3186 apographo
1010 3111 1152 3170 accurate
1180 3107 1221 3171 ad

266 3204 344 3269 Cod.
360 3204 451 3269 Alex.
473 3204 569 3269 iidem
590 3211 699 3269 exacto
721 3205 895 3290 descripta3
918 3229 998 3290 quae
1017 3208 1143 3292 quidem
1164 3210 1220 3278 ad·

265 3314 376 3374 notata
388 3308 580 3373 Wottonum
594 3308 838 3393 praetermisisse
852 3311 924 3394 jure
943 3309 1077 3375 miratur
1090 3312 1219 3378 Gallen-

265 3412 347 3489 dius,
362 3412 486 3497 Proleg.
501 3435 534 3497 p.
546 3412 600 3475 xii.

310 3514 415 3599 Hujus
433 3514 580 3579 editionis
601 3519 706 3580 exstat
727 3538 858 3580 censura
878 3516 912 3580 in
932 3519 1005 3582 Act.
1021 3518 1105 3584 Nov.
1122 3519 1220 3585 Erud.

266 3619 353 3704 Lips.
369 3642 397 3684 a.
418 3634 509 3705 1749.
525 3642 624 3684 mens.
640 3618 754 3684 Octob.

184 3722 275 3806 1765,
303 3721 515 3800 7111111111.

308 3826 463 3890 Auum
484 3825 705 3904 (1111111111,
720 3826 889 3911 Presbyter
908 3827 1067 3912 congreg.
1083 3826 1222 3892 Oratorii

265 3930 380 3994 Venet.
402 3929 437 3994 in
461 3935 549 3994 tomo
574 3929 687 4014 primo,
702 3951 754 4013 pp.
774 3942 889 4010 1—47,
913 3928 1014 4012 operis
1037 3930 1222 4016 amplissimi

265 4038 359 4119 atque
382 4032 632 4111 elaboratissimi,
648 4031 862 4097 Bibliothecae
876 4031 966 4098 Vett.
986 4033 1118 4098 Petrum
1139 4035 1222 4100 anti·

266 4158 459 4222 quorumque
493 4135 688 4219 Scriptorum
722 4134 1023 4216 Ecclesiastioorum,
1049 4135 1222 4203 Clementis

266 4239 411 4324 reliquias
434 4238 521 4324 typis
540 4236 749 4321 consignavit,
772 4237 956 4303 Versionem
982 4238 1221 4318 Cotelenanam,

266 4363 361 4428 quam
389 4341 514 4425 utrique
543 4340 703 4425 Epistolae
732 4339 858 4424 adjecit,
886 4340 1003 4424 passim
1032 4341 1087 4404 ubi
1115 4347 1222 4406 textus

266 4444 428 4509 reformati
450 4444 531 4509 ratio
553 4444 587 4507 id
608 4443 769 4521 suadebat,
791 4441 984 4508 immutavit.

309 4546 643 4612 Animadversionibus
665 4546 833 4611 Variorum
862 4553 895 4611 et
923 4547 988 4611 suis
1016 4547 1120 4612 textui
1148 4546 1222 4611 sub-

261 4650 354 4734 J'eotis
391 4649 566 4714 immiscuit
602 4649 787 4713 Gallaudius
823 4648 1056 4713 emendationes
1089 4651 1223 4714 Antonii

266 4753 372 4832 Birrii,
402 4776 496 4840 supra
530 4758 728 4817 memoratas.
783 4752 942 4816 Contenta
976 4752 1070 4838 hujus
1103 4754 1222 4819 Biblio-

266 4857 386 4934 thecae,
406 4855 580 4921 secundum
601 4860 704 4918 tomos
726 4854 780 4919 xiv
802 4854 938 4937 digesta,
960 4855 1111 4920 exhibent
1135 4857 1223 4922 Wal-

267 4961 366 5039 chius,
382 4960 466 5024 Bibl.
482 4959 611 5023 Patrist.
627 4981 658 5042 p.
674 4973 733 5039 117
756 4957 804 5021 ed.
827 4956 940 5036 Dana,
961 4964 994 5023 et
1014 4958 1224 5045 Dowlingius,

267 5064 373 5130 Notit.
402 5063 516 5147 Seript.
545 5063 603 5128 SS.
631 5063 714 5127 Patt.
738 5085 768 5146 p.
786 5081 856 5146 192.
901 5061 999 5155 'Pomo
1022 5062 1088 5141 xiii,
1115 5065 1169 5149 qui
1195 5088 1223 5129 a.

272 5181 351 5252 1779
368 5190 385 5231 e
403 5166 490 5251 prelo
509 5165 619 5243 evasit,
635 5165 823 5230 immortuus
841 5169 890 5228 est
908 5165 1018 5230 editor.
