3250 6617
407 1083 470 1150 198
771 1082 804 1144 S.
828 1082 1084 1147 CLEMENTIS

406 1253 467 1332 ἐὰν
484 1250 678 1350 βούλησθε,
697 1253 754 1331 καὶ
776 1259 867 1332 ποιῶ
888 1252 934 1333 τὰ
961 1252 1270 1358 προστασσόμενα
1296 1252 1365 1335 ῦπὸ
1382 1264 1463 1336 τοῦ

406 1379 578 1480 πλήθους·
605 1378 714 1479 μόνον
731 1379 774 1459 τὸ
794 1382 958 1479 ποίμνιον
975 1390 1038 1462 τοῦ
1056 1387 1220 1485 Χριστοῦ
1237 1383 1451 1486 είρηνευεῦω,

406 1505 494 1607 μετὰ
510 1513 583 1586 τῶν
600 1507 870 1606 καθεσταμένων
886 1508 1147 1612 πρεσβυτέρων.
1190 1514 1310 1589 Τοῦτο
1327 1512 1348 1590 ὁ
1365 1545 1444 1591 ποι·

406 1633 500 1736 ήσας
520 1636 631 1741 ἑαυτῷ
655 1634 747 1737 μέγα
771 1634 872 1720 κλίος
889 1638 927 1715 ἐν
948 1637 1068 1744 Κυρίῳ
1091 1634 1369 1741 περιποιήσεται,
1391 1642 1458 1719 καί.

406 1769 477 1847 πᾶς
493 1763 602 1847 τόπος
621 1759 754 1866 δέξεται
772 1763 891 1842 αὐτόν·
923 1775 946 1812 “
958 1773 1021 1845 τοῦ
1038 1763 1110 1869 γὰρ
1130 1766 1263 1869 Κυρίου
1280 1765 1304 1865 ἡ
1322 1769 1373 1867 γῆ
1391 1770 1464 1847 καὶ
1506 1805 1516 1862 g

408 1901 430 1937 “
447 1895 488 1971 τὸ
513 1888 692 1995 πλήρωμα
714 1889 856 1990 αῦτῆς.”
908 1897 1033 1972 Ταῦτα
1050 1897 1083 1971 οἱ
1100 1891 1364 1992 πολιτευόμενοι
1382 1890 1468 1993 τὴν·

407 2020 670 2119 ἀμεταμέλητον
706 2018 887 2098 πολιτείαν
923 2028 987 2099 τοῦ
1027 2025 1121 2099 Θεοῦ
1163 2018 1351 2119 ἐποίησαν,
1391 2025 1464 2103 καὶ

406 2145 632 2247 ποιήσουσιν.

244 2298 395 2410 Mitt-ipit
464 2269 555 2353 NE'.
580 2270 717 2353 Ἴναδὲ
746 2278 802 2352 καὶ
832 2276 1069 2376 ὑποδείγματα
1096 2278 1206 2354 ἐθνῶν
1234 2275 1445 2378 ἐνίγκωμεν,

242 2376 392 2544 ἔζηῖιὲοί)
405 2404 540 2481 πολλοὶ
570 2409 735 2496 βασιλεῖς
762 2405 820 2481 καὶ
845 2401 1045 2504 ἡγούμενοι,
1073 2413 1235 2503 λοιμικοῦ
1266 2402 1364 2490 τινός
1388 2407 1479 2484 eir-1⁰

467 2528 478 2554 ι

243 2560 350 2609 tmdide·
406 2565 558 2614 σταντος
586 2539 720 2633 καιροῦ,
750 2530 1107 2634 χρησμοδοηηθέντες,
1128 2531 1339 2636 παρέδωκαν
1363 2532 1436 2612 ἑαυ·

244 2631 310 2675 runt.

408 2789 527 2872 Bened]
560 2796 582 2849 εί
608 2796 654 2864 μίν
680 2793 725 2849 οῦν
750 2796 809 2867 περὶ
837 2794 905 2865 ἡμῶν
944 2794 1026 2872 genis
1035 2795 1123 2853 verba
1135 2793 1166 2852 in
1180 2794 1210 2853 S.
1221 2794 1348 2854 Johmn.
1362 2791 1434 2875 [tom.

406 2881 485 2931 ταῦτα
499 2875 660 2940 ῦποπτεῦετε,
675 2876 769 2944 ἕτοιμοι
785 2898 904 2948 παραχω-
945 2875 982 2948 vi,
1005 2877 1020 2952 ξ
1044 2878 1091 2950 36,
1115 2875 1190 2953 Opp.
1214 2875 1244 2935 iv
1267 2896 1295 2954 P·
1321 2890 1377 2952 153
1399 2876 1435 2935 od.

407 2961 484 3030 ρῆσαι
504 2959 549 3027 τῆς
568 2957 656 3028 ἀρχῆς,
669 2956 719 3031 ότφ
732 2979 781 3029 περ
798 2957 904 3023 defieri·
946 2955 1029 3038 Ben.]
1053 2957 1110 3016 huc
1130 2957 1318 3034 respicientis,
1339 2968 1435 3033 Μεμφ-

408 3039 507 3094 λοισθε·
528 3040 604 3106 μόνον
626 3039 746 3106 ἐκκλησία
765 3040 833 3093 ἔστω
852 3040 904 3107 μία.
945 3039 1049 3113 τῦρηται
1069 3042 1109 3096 καλ
1128 3042 1196 3113 παριλ
1216 3044 1270 3099 τοῖς
1282 3042 1391 3111 ἔθνεσιν,
1404 3040 1437 3096 dn

410 3117 449 3177 Et
468 3116 624 3194 Gregorius
645 3116 843 3176 Nazianzenus
861 3138 906 3176 re-
944 3122 1039 3176 πολλοί
1048 3144 1120 3186 τινες,
1131 3123 1438 3196 λοηιικὸνένσκηψᾶη

409 3200 471 3276 ipso
483 3198 627 3276 praestitit
639 3217 647 3269 ;
662 3198 712 3275 qui
725 3206 758 3258 ut
772 3198 906 3258 seditioni
946 3204 1098 3273 νοσημάτων,
1122 3203 1225 3261 ἑαυτοὺς
1251 3205 1357 3277 σφάγια
1382 3205 1438 3274 ἶιίρ

409 3281 523 3338 obviem
536 3280 599 3351 iret,
613 3288 764 3356 postquem
780 3280 817 3338 sd
831 3280 906 3339 Gon·
945 3288 990 3338 τοῦ
1003 3291 1085 3339 κοινοῦ
1097 3285 1296 3355 παραδιδόασι·
1310 3286 1352 3340 κα1
1364 3307 1437 3358 παρα

410 3361 691 3438 stsntinopolitsnem
703 3361 799 3420 sedem
809 3362 907 3420 edmo-
945 3365 1046 3436 δέχεται
1065 3363 1135 3420 ταῦθ
1151 3363 1232 3423 οὕτως
1249 3368 1381 3438 mm
1399 3367 1439 3422 ‹s-

410 3451 457 3502 tus
478 3451 560 3516 esset,
574 3451 710 3519 protenus
731 3446 776 3513 τὴν
790 3467 904 3515 προστα-
946 3447 1046 3518 ἀλόγως
1057 3445 1199 3504 πιστεῦσαι·
1216 3450 1271 3504 ταῖς
1291 3449 1439 3519 ίστοριλιιςί

410 3529 470 3581 σίου
488 3527 659 3597 παρῃτήσατο.
701 3524 808 3582 Socrat.
829 3524 904 3583 Hist.
946 3531 1038 3584 πιστὸς
1058 3527 1168 3598 Κλήμης,
1183 3529 1232 3583 ὑπὸ
1252 3527 1361 3583 Παύλου
1380 3550 1439 3601 μαρ-

410 3626 429 3663 ν
447 3620 472 3680 7.
499 3606 539 3663 Et
552 3606 655 3664 morito
669 3605 698 3662 id
712 3605 829 3681 quidem
840 3625 848 3677 ;
862 3617 907 3666 ut·
945 3608 1103 3681 τηρούμενοι.
1162 3606 1244 3665 Idem
1279 3607 1311 3665 in
1344 3607 1440 3667 iisdem

410 3706 520 3764 cunque
534 3688 611 3745 enim
624 3687 783 3745 schismatis
796 3688 907 3745 macula
946 3687 1167 3747 Commentariis
1197 3685 1282 3768 [tom.
1303 3690 1404 3762 xxviii,
1426 3690 1440 3767 5

409 3768 524 3826 levioris
551 3777 635 3827 notae
668 3789 743 3826 nunc
769 3769 907 3845 temporis
950 3788 995 3842 14,
1014 3770 1087 3847 Opp.
1104 3770 1133 3826 iv
1146 3789 1172 3846 p.
1186 3766 1267 3850 393,]
1286 3774 1346 3844 περὶ
1360 3774 1442 3828 diret

410 3850 555 3922 habeatur,
564 3850 706 3926 Cypriane
716 3850 821 3926 judice,
837 3849 907 3908 odeo
946 3854 1069 3910 πολλάκις
1090 3853 1287 3924 ἐπικρατούντων
1306 3858 1383 3909 reris
1398 3876 1441 3926 χα-

410 3952 466 3988 non
477 3932 665 4008 lacrymarum
675 3932 773 3989 lixivio
788 3932 908 3989 eluenda
946 3937 1031 3989 λεπῶν
1050 3935 1077 3988 ἐν
1091 3938 1127 4008 τῷ
1146 3939 1196 3988 τῶν
1213 3934 1354 4006 trem
1370 3936 1441 4010 γένει,

410 4013 510 4079 meret,
525 4021 558 4071 ut
571 4032 622 4070 nec
636 4013 681 4070 vcl
698 4013 760 4089 ipso
773 4012 907 4089 Martyrii
948 4011 1001 4069 οἶον
1027 4018 1130 4086 λοιμῶν,
1158 4014 1173 4085 η
1200 4016 1352 4082 ἐπηθλαβὸν
1378 4038 1443 4086 νηκ-

409 4094 547 4171 ssnguine
566 4094 714 4171 purganda
734 4094 905 4153 crederetur.
946 4102 1016 4167 μιῶν,
1030 4096 1045 4166 ἢ
1058 4100 1147 4165 λιμῶν,
1160 4094 1269 4152 λόεσθαι
1286 4099 1320 4152 τὰ
1334 4102 1442 4163 matrs,

410 4176 457 4233 lib.
480 4176 516 4233 dc
538 4175 618 4233 Unit.
642 4175 747 4233 Eccles.
768 4173 855 4255 [Opp.
877 4197 903 4254 p.
946 4179 1022 4233 οἱονεί
1034 4179 1234 4250 καταργουμένου
1250 4181 1298 4233 τοῦ
1315 4179 1442 4252 ἐνεργοῦν-

414 4277 468 4331 113
484 4257 507 4314 Τ
522 4256 566 4314 ed.
583 4253 665 4336 Feli]
684 4257 793 4313 FELL.
820 4257 905 4314 Hunc
945 4281 989 4315 τος
1001 4260 1064 4313 αὐτὰ
1077 4263 1186 4331 πονηροῦ
1198 4257 1444 4329 mmmmm

410 4339 545 4414 Cypriani
570 4339 670 4409 locum,
693 4338 723 4394 ni
750 4338 841 4409 fallor,
863 4358 906 4396 re·
946 4342 1033 4394 ἔαυτόν
1048 4363 1103 4395 τινα
1124 4341 1188 4413 ὑπὲρ
1207 4344 1253 4395 τοῦ
1273 4346 1360 4396 καινοῦ
1379 4342 1444 4397 uto

410 4421 503 4495 spexit
518 4420 736 4495 Ulrrysostomus
749 4418 767 4476 l.
780 4439 801 4477 ο.
819 4440 844 4495 p.
857 4421 903 4476 86.
946 4443 992 4483 ναι,
1006 4423 1101 4477 πολλοὶ
1121 4421 1243 4493 φέρονται
1254 4421 1388 4492 Ἑλλήνων
1404 4422 1444 4480 nt

411 4502 452 4559 Cf.
470 4501 588 4577 Gregor.
604 4501 673 4558 st.
696 4501 776 4559 Orat.
795 4501 831 4557 od
849 4515 904 4573 150
946 4505 1084 4574 Βαρβάρων
1107 4504 1224 4575 ἱστορία,
1247 4504 1294 4573 την
1313 4506 1374 4575 περὶ
1399 4508 1445 4559 τοῦ

414 4582 574 4659 lipiscopos.
590 4582 638 4640 Or.
656 4602 693 4655 43
709 4581 751 4640 cd.
769 4582 836 4639 Ben.
861 4583 905 4640 Dc
945 4583 1058 4638 τοιούτου
1079 4588 1181 4648 εὔνοιαν,
1195 4606 1249 4641 κν.
1263 4587 1289 4642 λ.
1333 4582 1444 4657 Quibus

410 4664 514 4740 duplici
539 4664 713 4721 successione
736 4664 765 4720 in
790 4663 904 4738 quibus·
946 4662 1049 4720 similis
1067 4664 1174 4739 profert
1191 4663 1240 4722 lib.
1260 4688 1278 4737 4
1306 4661 1395 4745 [Opp.
1415 4664 1445 4723 ir

409 4745 475 4802 dam
488 4745 658 4815 civitatibus,
673 4745 761 4803 donce
777 4745 905 4803 Gentiles
946 4764 972 4821 p.
990 4741 1060 4824 541]
1076 4744 1106 4802 in
1125 4745 1216 4821 Epist.
1235 4745 1273 4803 nd
1290 4746 1444 4819 Romnum

409 4846 474 4883 cum
497 4826 516 4883 J
519 4826 615 4884 udneis
639 4826 668 4882 in
690 4847 778 4884 unum
803 4846 905 4903 corpus
946 4834 1011 4884 ante
1026 4825 1119 4898 finem,
1133 4834 1219 4903 atque
1231 4834 1302 4885 tom.
1317 4827 1328 4885 i
1346 4836 1445 4887 centn

409 4908 605 4973 coalescerent,
616 4908 680 4965 vide
695 4908 824 4966 Pecrson.
835 4907 904 4965 Vin·
945 4906 1068 4980 Celsum,
1082 4914 1149 4968 ante
1169 4908 1303 4968 medium
1328 4906 1444 4990 5531,

409 4988 462 5045 dic.
483 4990 575 5065 ignat.
598 4989 616 5045 ii
643 4991 706 5059 186,
728 4998 757 5047 et
777 4989 813 5047 de
835 4988 903 5047 Sue
946 4988 1018 5066 Opp.
1034 4989 1084 5065 ip.
1099 4986 1181 5069 349.]
1197 4989 1335 5049 OOTEL
1358 4989 1445 5049 Frus-

409 5089 487 5127 ccssu
502 5070 583 5126 Rom.
601 5070 705 5128 Pontis.
721 5070 740 5127 ii
756 5090 781 5143 3.
946 5080 991 5127 tre
1010 5069 1086 5127 hunc
1106 5069 1199 5127 locum
1216 5070 1352 5131 sollicitet
1365 5070 1444 5131 Ano·

451 5168 476 5221 9.
492 5153 661 5223 ὑποδείγματα
675 5148 763 5231 ίθνῶν]
781 5152 824 5208 ΕΠ
841 5150 905 5208 Ori·
946 5171 1047 5227 nymus
1063 5150 1259 5227 [Rerum-dus}
1274 5153 1344 5211 dum
1359 5173 1442 5231 qule-
