3250 6617
443 1058 501 1121 DE
525 1060 557 1122 S.
582 1058 761 1122 IGNATII
784 1059 1023 1123 EPISTOLIS.
1222 1060 1252 1121 lv

256 1229 365 1294 Versio
380 1230 608 1308 Armeniacae
631 1233 758 1317 Syriaca
779 1232 966 1315 antiquiore,
988 1231 1109 1296 saeculo
1131 1232 1254 1315 quinto,

212 1333 249 1412 si,
265 1341 302 1397 ut
316 1357 372 1418 par
386 1340 444 1412 est,
460 1335 570 1399 ducem
585 1359 751 1420 sequamur
765 1336 981 1400 doctissimum
997 1337 1253 1413 Petermanuum,

211 1437 374 1516 translata,
390 1460 427 1501 ex
450 1438 586 1523 quinque
602 1439 699 1503 Codd.
717 1439 816 1502 MSS.
833 1440 964 1516 collatis,
980 1438 1252 1522 Constantinopoli

211 1539 297 1623 typis
311 1541 460 1604 mandata
474 1548 532 1619 cst,
542 1566 570 1605 a.
586 1542 677 1624 1782.
709 1544 885 1626 Utramque
897 1542 1080 1606 Versionem
1095 1540 1252 1624 integram

212 1641 245 1705 in
261 1642 357 1707 Notis
378 1644 539 1728 proposuit
554 1645 790 1722 Petermannus,
806 1645 994 1709 accuratiore
1016 1644 1099 1707 inter
1116 1665 1148 1707 se
1168 1667 1252 1708 com·

213 1746 373 1828 paratione
395 1747 543 1811 instituta
551 1773 561 1824 ;
584 1771 619 1812 ac
635 1749 828 1831 Fragmenta
849 1748 976 1832 Syriaca
990 1770 1068 1831 quae
1085 1746 1133 1810 vir
1146 1746 1199 1808 ille
1214 1746 1253 1809 de

214 1847 329 1912 Literis
352 1849 565 1914 Orientalibus
585 1849 702 1934 optime
724 1850 865 1927 meritus,
888 1851 1076 1928 Curctouus,
1100 1848 1251 1932 singulari

212 1950 415 2035 diligentiae
438 1952 648 2036 compluribus
669 1952 836 2016 Codicibus
862 1953 1001 2030 collecta,
1022 1952 1171 2029 ediderat,
1190 1973 1254 2014 non

212 2054 431 2137 praetermisit.
467 2055 651 2119 Versionem
670 2055 818 2118 Latinam
842 2054 965 2139 adjecit,
981 2055 1027 2118 ita
1044 2062 1254 2138 comparatam

212 2163 250 2220 ut
275 2156 298 2220 ii
322 2180 444 2242 quoque
466 2158 520 2242 qui
539 2158 573 2221 in
591 2158 640 2222 his
665 2158 800 2242 Linguis
822 2159 926 2221 minus
952 2158 1015 2221 sint
1041 2158 1166 2235 versati,
1190 2158 1257 2221 sine

213 2283 329 2344 magno
349 2260 453 2326 labore
475 2268 595 2325 rectum
617 2263 655 2325 de
677 2262 801 2325 illarum
823 2267 914 2325 textu
934 2261 1080 2344 originali
1101 2261 1256 2345 judicium

212 2364 291 2429 ferre
308 2365 440 2448 possint.
716 2430 721 2442 ,

255 2468 455 2552 Argumenta
474 2490 530 2530 sua
552 2467 689 2531 maxima
710 2468 744 2530 in
765 2467 866 2531 forma
886 2466 1115 2549 compendiaria
1135 2466 1181 2529 ita
1202 2489 1255 2530 ex-

211 2569 301 2634 hibet
315 2571 551 2635 Petermannus.

256 2682 266 2712 ‘
281 2674 392 2738 Versio
407 2681 524 2752 nostra,
539 2676 660 2739 saeculo
682 2681 753 2758 post
769 2673 932 2737 Christum
954 2680 1064 2738 natum
1079 2674 1201 2758 quinto,
1217 2697 1256 2737 ex

212 2776 292 2840 ‘illa
311 2776 462 2842 Versione
493 2778 631 2863 Syriaca,
653 2780 741 2863 cujus
763 2778 921 2861 exemplar
943 2777 1121 2841 Curetonns
1145 2777 1254 2854 edidit,

212 2888 223 2917 ‘
239 2879 323 2945 facta
336 2886 393 2945 est.

256 2991 266 3021 ‘
272 2983 383 3048 Versio
395 2983 450 3048 illa
462 2983 589 3068 Syriaca
600 3006 663 3047 non
675 2990 738 3047 tres
750 2988 889 3060 tantum,
901 2982 955 3047 sed
965 2982 1114 3047 tredecim
1126 2984 1252 3068 Episto-

212 3085 280 3149 ‘las
295 3085 328 3149 S.
342 3086 470 3170 Ignatio
485 3086 667 3170 adscriptas,
683 3108 794 3170 easque
809 3109 873 3149 non
888 3084 1075 3163 decurtatas,
1091 3087 1174 3149 utin
1191 3086 1254 3150 edi·

212 3188 320 3253 ‘tione
334 3189 387 3253 illa
402 3191 562 3273 leguntur,
578 3190 632 3253 sed
646 3190 692 3253 ita
702 3196 896 3273 comparatas
911 3195 949 3252 ut
959 3189 1077 3253 Noster
1091 3212 1142 3253 eas
1157 3190 1254 3266 dedit,

212 3301 223 3330 ‘
234 3291 274 3356 ab
288 3292 380 3357 initio
392 3294 665 3377 complectebatur,
678 3294 724 3356 ita
737 3300 774 3357 ut
785 3292 898 3356 exinde
913 3298 1070 3376 appareat,
1082 3293 1253 3358 conclusio·

212 3403 223 3432 ‘
235 3417 301 3473 nes,
311 3418 387 3478 quas
396 3396 573 3460 Buusenius
585 3396 756 3460 secundum
765 3396 852 3459 illam
862 3395 980 3473 fecerit,
990 3403 1071 3459 stare
1082 3419 1144 3459 uon
1154 3418 1252 3479 posse.
1289 3458 1294 3470 ,

256 3507 266 3536 ‘
283 3498 345 3562 Sed
360 3500 547 3563 Armeniaca
560 3499 671 3562 Versio
686 3522 705 3561 a
718 3499 853 3562 librariis
867 3498 1043 3576 acrioribus,
1058 3499 1107 3561 vel
1131 3498 1254 3563 lectori·

212 3601 307 3679 ‘bus‚
330 3600 383 3684 qui
405 3600 559 3665 Graecum
580 3602 714 3665 Textum
735 3624 807 3664 cum
829 3624 866 3665 ea
884 3601 1117 3685 comparabant,
1137 3601 1254 3684 passim

213 3712 222 3742 ‘
238 3702 425 3788 interpolata
446 3711 479 3768 et
500 3712 647 3789 corrupta
665 3711 731 3781 est;
754 3711 848 3788 atque
863 3705 1007 3768 Editores
1025 3704 1125 3767 critici
1142 3704 1254 3788 judicii

212 3805 329 3890 ‘plane
351 3812 492 3891 expertes
514 3808 570 3870 has
592 3806 847 3891 interpolationes
868 3812 901 3869 et
918 3805 1130 3889 connptiones
1150 3805 1253 3869 textui

213 3910 443 3975 ‘inseruerunt

257 4014 330 4078 ‘De
352 4015 450 4078 altera
470 4013 630 4098 Epistolae
651 4014 692 4077 ad
714 4015 872 4077 Romanos
894 4013 1045 4077 Versione
1068 4012 1255 4076 Armeniaca

213 4127 224 4156 ‘
239 4123 272 4182 et
287 4116 424 4202 Syriaca,
439 4117 566 4201 quaein
581 4116 821 4202 Martyrologiis
838 4116 998 4201 leguntur,
1014 4116 1093 4178 nihil
1109 4122 1157 4179 est
1172 4115 1256 4199 quod

213 4220 400 4299 ‘addamns,
426 4244 523 4305 quum
545 4225 676 4304 utraque
699 4243 718 4283 a
739 4219 858 4283 Graeco
878 4219 981 4282 'Pextu
1001 4241 1073 4281 cum
1093 4218 1254 4302 Martyro-

213 4333 224 4362 ‘
237 4324 322 4408 logio
338 4323 444 4389 seriori
458 4324 586 4388 demum
599 4330 740 4407 tempore
754 4322 907 4386 translata
921 4322 984 4386 sit'

255 4427 283 4491 E
309 4428 510 4492 Petermanni
535 4428 692 4492 laboribus
715 4427 907 4491 occasionem
937 4433 1057 4503 nactus,
1085 4426 1253 4488 Rcuuurus
1267 4435 1375 4500 Hamy.

213 4531 354 4609 Hussur,
379 4531 538 4596 Historiae
559 4530 793 4595 Ecclesiasticus
812 4529 931 4613 primus
957 4529 1041 4593 inter
1061 4528 1253 4592 Oxonieuses

213 4634 371 4700 Professor
386 4635 516 4720 Regius,
532 4635 596 4720 qui,
612 4635 695 4699 vitae
717 4657 810 4697 cursu
829 4633 983 4717 praeclare
1005 4637 1038 4696 et
1055 4631 1254 4696 laudabiliter

211 4738 363 4815 confecto,
388 4743 462 4802 ante
485 4761 594 4816 annos,
620 4745 657 4801 ut
680 4736 823 4801 homines
849 4736 976 4820 quidem
1000 4735 1193 4813 existimant,
1219 4735 1253 4798 in

210 4838 301 4903 illum
315 4839 561 4924 placidissimum
583 4847 708 4925 portum
731 4839 845 4923 quietis
865 4844 1031 4923 perpetuae
1049 4838 1179 4902 ductus
1194 4843 1253 4915 est,

210 4940 245 5006 in
259 4943 455 5009 Praefahone
477 4944 517 5008 ad
539 4944 711 5008 Conciones
733 4942 947 5020 Academiam,
969 4942 1105 5026 Anglice
1126 4941 1252 5025 scripta,

197 5045 713 5131 ι1.1849,11οι11111(1(11111111111111
739 5045 811 5130 Syri
838 5044 1076 5128 adstipulatores
1102 5050 1192 5108 acute
1221 5048 1253 5107 et

207 5154 350 5212 accurate
370 5147 554 5232 disputavit.
