3250 6617
288 1058 332 1120 24

638 1054 782 1118 INDEX
806 1053 1061 1119 VERBORUM

332 1219 349 1278 I
375 1239 419 1278 20.
465 1223 633 1294 προῃρημένοι
666 1226 768 1292 μᾶλλον
796 1225 842 1294 τήν
880 1224 1054 1292 ’λαοστάζεικ
1082 1222 1262 1292 πνευματικήν.
1275 1220 1429 1277 ..m

332 1303 420 1359 ίνθάδε
450 1303 600 1360 ἀπόλαυσιν.
630 1302 662 1360 Π
695 1322 737 1361 10.
784 1305 840 1375 ήλί·

922 1307 1015 1374 (όντων
1027 1307 1109 1377 χάριν.
1125 1301 1211 1361 Mart.
1227 1302 1289 1379 Ign.
1306 1323 1332 1373 4.

333 1387 443 1457 κηνέχει
462 1387 577 1450 βάσανον
589 1386 604 1455 ή
618 1386 705 1441 ε’νθάδε
725 1387 838 1443 ἀπόλαυ·
880 1387 1073 1444 ’Δπυστελλεια
1103 1387 1168 1442 Τοὺς
1181 1386 1209 1440 δι’
1221 1382 1429 1454 ἀπεσταλμένους

334 1489 383 1523 σις.
398 1464 435 1522 ib.

920 1467 967 1541 ὄψ’
981 1469 1050 1538 ἡμῶν
1067 1464 1156 1524 clem.
1176 1466 1198 1523 1·
1215 1480 1261 1539 59·
1305 1464 1428 1537 Βούνου

293 1545 460 1604 Ἀπολείπειν.
485 1548 561 1622 ε’ντῷ
574 1547 721 1604 ἀπολείπειν
733 1548 841 1604 ἕκαστον
921 1549 950 1604 δν
983 1546 1150 1605 ἀπεστείλατε
1180 1547 1233 1618 μετ’
1264 1547 1333 1617 ἐμοῦ.
1364 1544 1426 1620 Igu.

334 1631 380 1683 τόν
398 1631 485 1700 φόβον
504 1634 550 1683 τοῦ
570 1634 642 1685 θεοῦ.
666 1627 756 1686 (110111.
776 1629 792 1687 I
811 1649 838 1703 3.

922 1630 1035 1706 Smym
1051 1649 1094 1686 12.

334 1711 512 1780 ἀπολείπωμεν
524 1711 570 1767 τάς
585 1713 656 1767 κενάς
675 1714 715 1766 καί
735 1714 841 1781 ματαίας
879 1711 1050 1785 Ἀποστερεῑν.
1079 1712 1118 1768 τίς
1136 1709 1308 1782 ἀποπειρηθῇ,
1321 1710 1360 1765 τίς
1369 1708 1427 1764 ἀθε-

334 1793 478 1864 φροντίδας.
516 1804 542 1864 7.
594 1791 763 1851 ἀπολιπόντες
795 1794 841 1863 τὴν
920 1794 1000 1863 τηθῄι
1023 1789 1173 1868 1311111111.
1190 1808 1233 1846 10.

334 1874 520 1942 ματαιοπονίαν.
575 1890 600 1945 9.
663 1875 841 1945 ἀπολείπωμεν
879 1874 1069 1933 Ἀποστολικός.
1103 1877 1130 1929 ε’ν
1149 1873 1312 1946 ἀποστολικῷ
1331 1892 1428 1942 χαρακ-

335 1952 443 2026 φαύλων
469 1956 551 2028 ίργων
580 1957 671 2026 μιαρὸς
699 1957 837 2027 ε’πιθυμίας.

337 2036 385 2091 28.
431 2036 599 2093 ἀπολιπόντες
624 2037 670 2106 τήν
696 2039 767 2107 κενήν
792 2061 840 2107 μα·

333 2118 483 2190 τοιολοηίον.
504 2115 599 2193 Polyc.
615 2115 687 2173 Phil.
706 2136 730 2174 2.
773 2119 837 2175 άπο·

332 2198 463 2255 λείποντες
481 2199 527 2268 τήν
539 2203 690 2270 μοταιόιητα
710 2206 760 2256 τῶν
771 2204 837 2256 πολ-

292 2283 455 2417 Ἀτίολίίσθάι.
497 2362 721 2431 ε’βυθίσθησσνείς
739 2363 838 2418 θάλασ-

333 2465 390 2498 σαν.
403 2488 409 2499 .
423 2485 430 2497 .
446 2445 486 2498 κο1
499 2442 637 2498 ἀπόλοντο.
661 2441 837 2514 (116111Ι51.

332 2529 363 2578 τὸ
383 2524 563 2595 δωδεκάφυλον
581 2529 627 2579 τοῦ
645 2525 751 2598 Ἰσραήλ
775 2524 838 2594 μελ·

332 2607 380 2660 λον
409 2605 558 2661 ἀπολέσθαι
589 2619 635 2678 55.
692 2607 837 2675 ἀπσλλυμέ·

333 2708 392 2743 νους
408 2686 472 2756 ήμᾶς
491 2688 597 2742 ἴσωσεν.
614 2686 646 2743 Π
664 2706 687 2745 1.
730 2689 768 2743 δεῖ
780 2689 841 2745 τούς

333 2767 522 2837 ἀπολλυμίνους
545 2771 643 2836 σώζειν.
670 2788 695 2826 2.
737 2773 752 2824 6
776 2778 838 2841 Χρι-

334 2851 398 2905 στός
420 2847 546 2918 ήθὲλησεν
566 2854 651 2905 σῶσαι
670 2853 702 2906 τδ
726 2851 839 2907 ἀπολλύ-

333 2952 401 2998 μενα
419 2927 455 2986 11).
498 2930 609 2988 κολίσας
624 2932 687 3002 ήμᾶς
700 2933 746 3002 ήδη
759 2933 839 2988 ἀπολ-

333 3011 462 3080 λυμένους.
485 3009 521 3068 ib.
564 3014 590 3066 τί
609 3019 700 3084 μωρῶς
722 3012 837 3069 ἀπολλύ-

333 3093 418 3162 μιθο,
440 3091 502 3169 Ign.
519 3091 592 3168 Eph.
613 3108 655 3167 17.
697 3093 737 3150 ἵνα
756 3096 791 3165 μὴ
812 3097 840 3149 ἐν

333 3173 456 3245 καυχήσει
470 3174 609 3241 ἀπόλωμαι.
625 3174 709 3233 Γ111111.
728 3197 753 3246 4.
788 3179 839 3231 Οὗ-

333 3255 376 3310 δίν
390 3257 447 3324 ύμῖν
460 3257 490 3309 ού
510 3256 543 3326 μή
562 3258 700 3314 ἀπολεῖται.
724 3257 836 3333 Smym.

338 3354 382 3393 10.
435 3337 479 3391 ε’δν
512 3337 677 3410 καυχήσηται,
711 3340 837 3394 ἀπώλετο.

334 3416 428 3492 Polyc.
447 3430 473 3490 5.
515 3417 555 3472 ἵνα
583 3427 662 3478 κακῶς
684 3421 837 3476 ἀπαλῶνται.

333 3499 418 3557 Mart.
435 3500 495 3574 lgn.
515 3518 538 3554 2.
581 3501 723 3557 ἀπολίσθοι
743 3505 787 3557 τόν
802 3504 838 3558 δι’·

333 3604 408 3637 κοιον.
425 3581 451 3637 6.

291 3662 496 3736 Ἀπολογεῖσθοι.
538 3664 631 3732 ἀξίους,
645 3669 691 3719 τοῦ
704 3666 838 3738 ἀπολογεῖ-

333 3746 394 3800 σθαι
407 3746 498 3801 αὐτοῖς.
515 3743 600 3802 Mart.
617 3745 710 3821 Polye.
727 3765 771 3802 10.

291 3825 434 3881 ’λπολύειν.
469 3824 595 3894 Ὀμοσον,
613 3830 652 3882 κα1
672 3828 776 3883 ἀπολύω
797 3851 837 3884 σε.

333 3906 419 3964 Mart.
435 3905 529 3981 Polyc.
548 3926 573 3981 9.

291 3989 439 4045 Ἀπόλυσις.
481 3991 545 4059 πρός
565 3990 692 4046 ἀπόλυσιν
711 3995 756 4045 τοῦ
776 3992 837 4047 ἀπο·

332 4071 422 4125 θανεῖν.
439 4068 529 4126 Clem.
546 4069 561 4125 Ι
578 4084 622 4142 25.

291 4152 443 4219 ’λαονίμειν
485 4152 558 4220 τιμήν
576 4154 622 4220 τήν
638 4152 795 4222 καθήκουσαν
807 4155 837 4208 ἀ-

331 4232 487 4301 πονέμοντες.
519 4231 608 4289 Clem.
640 4234 650 4289 1
683 4251 705 4290 1.
752 4239 839 4291 πᾶσαν

331 4316 454 4385 ε’ντροπήν
488 4317 555 4390 αύτῷ
587 4315 725 4384 ἀπονέμειν.
773 4316 836 4393 Igu.

332 4395 430 4471 Magn.
455 4415 480 4469 3.
524 4397 597 4465 τιμήν
617 4399 679 4452 κατὰ
702 4401 732 4452 τό
754 4422 837 4471 προσ·

330 4481 402 4547 ἧκον.
409 4521 429 4534 ..
440 4478 579 4548 άπονέμιιν.
590 4475 675 4536 Mart.
687 4477 780 4554 Polyc.
792 4498 835 4536 ιο.

290 4561 417 4616 Ἀπόνοια.
458 4560 493 4617 είς
512 4564 636 4615 τοσοῦτον
648 4561 767 4618 ἀπονοίας
784 4563 837 4632 ε’ξί-

332 4663 435 4695 καυσαν.
454 4638 543 4697 Clem.
559 4639 574 4696 I
592 4659 615 4696 1.
658 4642 693 4699 είς
712 4643 839 4712 τοσαύτην

330 4722 450 4778 ἀπόνοιαν
462 4723 594 4793 ἐρχόμεθα
612 4723 658 4794 46.

288 4803 460 4859 Ἀποπίπτειν.
504 4805 677 4873 ἀποπίπτομεν
703 4808 748 4874 τῆς
777 4807 838 4861 όδοῦ

330 4888 374 4955 τῆς
388 4886 489 4942 δικοῖας.
506 4883 594 4941 Clem.
611 4885 643 4941 II
658 4901 683 4957 5.

289 4965 456 5022 ’λποπλανᾶν.
500 4966 697 5038 ε’πιστρίφοντες
720 4970 751 5022 τά
774 4969 837 5023 ἀπο-

329 5048 512 5118 πτπλονημίνο.
536 5045 629 5123 Polyc.
651 5046 723 5105 Phil.
740 5049 765 5104 ό.
808 5049 838 5102 ά·

329 5132 481 5185 ποπλσνῶσι
494 5130 580 5186 κενοὺς
592 5130 745 5201 ἀνθρώπους.
761 5128 799 5185 ib.

291 5208 474 5282 Ἀπορρίπτειν.
516 5210 706 5283 ἀπορρίψαντες
718 5211 765 5284 ἀφ’
779 5214 836 5266 ίου-

330 5295 381 5345 τῶν
393 5292 479 5345 πᾶσαν
491 5290 593 5348 ἀδικίαν.
612 5290 701 5349 Clam.
718 5292 730 5349 1
746 5306 792 5366 35.

920 1959 982 2026 τήρι
1000 1955 1062 2031 Ign.
1078 1953 1164 2012 Trall.
1185 1954 1272 2010 lusor.
1314 1952 1377 2022 ἀνήρ
1397 1949 1428 2018 ἢν

920 2041 974 2095 τοῖς
1006 2040 1086 2093 πάσιν
1118 2037 1295 2092 ἀποστολικός.
1339 2031 1425 2090 Mart.

921 2119 983 2194 lgn.
1011 2137 1034 2174 1.
1077 2119 1229 2173 διδάσκαλος
1248 2115 1425 2171 ἀποστολικός.

921 2198 1007 2257 Mart.
1023 2198 1117 2274 Polyc.
1138 2198 1182 2254 16.

879 2281 1044 2339 Ἀπόοταλος.
1085 2283 1210 2348 Λάβομεν
1221 2279 1273 2349 πρὸ
1285 2277 1428 2348 ὄφθαλμόν

920 2364 989 2433 ήμῶν
1020 2364 1080 2420 τούς
1112 2361 1222 2434 ἀγαθούς
1257 2359 1425 2415 ἀποστόλους.

920 2442 1009 2502 (1111111.
1036 2444 1049 2500 I
1076 2457 1102 2515 5.
1144 2444 1176 2497 01
1202 2442 1342 2496 ἀπόστολοι
1370 2439 1429 2508 ἡμῖν

919 2526 1145 2600 εόηγγελίσθησαν.
1177 2541 1222 2594 42.
1264 2524 1289 2577 ο1
1314 2522 1427 2577 ἀπόστο·

919 2611 961 2663 λοι
974 2609 1025 2662 ἀπὸ
1045 2611 1091 2662 τοῦ
1111 2609 1232 2678 Χριστοῦ.
1248 2602 1285 2660 ib.
1328 2602 1427 2658 σίάπό-

920 2693 1009 2744 «πολιν
1036 2688 1105 2758 ἡμῶν
1131 2689 1252 2758 ἔγνωσαν·
1283 2705 1328 2755 ιι·
1380 2688 1428 2739 τοῦ

919 2772 1042 2844 μακαρίου
1064 2768 1170 2825 Παύλου
1191 2771 1237 2822 τοῦ
1256 2767 1426 2822 ’λποστόλσυ

922 2864 968 2924 47·
1010 2847 1195 2923 πνοαεκλίθτς
1225 2850 1276 2940 νόν
1299 2847 1427 2901 ‘m

919 2936 975 2991 λοις
996 2931 1228 3005 μεμαρτυρημένοις.
1251 2928 1290 2985 11).
1312 2931 1327 2983 6
1348 2927 1427 2999 μέγας

919 3015 1065 3071 ἀπόστολος
1079 3012 1190 3082 Κλήμης.
1207 3010 1321 3087 Fragm.
1338 3027 1366 3064 x.
1403 3006 1428 3063 οί

920 3098 960 3151 καί
979 3100 1032 3154 τοῖς
1049 3095 1204 3151 ἀποστόλοις
1221 3094 1329 3148 πάντοσε
1348 3089 1427 3160 συνῄ-

920 3200 1003 3233 νεσαν.
1027 3175 1087 3253 Igu.
1107 3173 1179 3252 pr.
1199 3192 1243 3230 11.
1286 3173 1321 3230 είς
1347 3174 1427 3227 τόπον

919 3260 1053 3331 συνεδρίου
1073 3261 1124 3313 τόν
1143 3258 1302 3312 ἀποστόλων.
1325 3251 1422 3328 Magn

920 3340 947 3395 6.
1004 3344 1019 3395 6
1046 3339 1137 3411 Κύριος
1164 3339 1223 3392 ἀνευ
1249 3340 1296 3391 τοῦ
1322 3336 1427 3406 Πατρός

919 3422 992 3476 οὐδὲν
1004 3422 1131 3489 ε’ποίησεν,
1143 3464 1149 3474 .
1163 3462 1169 3474 .
1182 3462 1188 3474 .
1201 3422 1259 3473 οὔτε
1279 3417 1310 3472 δι’
1327 3419 1425 3484 ίαυτοῦ,

919 3507 976 3557 οὔτε
996 3504 1037 3557 διά
1056 3506 1108 3556 τῶν
1127 3502 1286 3556 ἀποστόλων.
1306 3510 1331 3570 7.
1374 3500 1428 3553 τοῖς

919 3586 1044 3656 δόγμασιν
1058 3587 1104 3637 τοῦ
1125 3581 1218 3653 Κύριον
1238 3578 1278 3634 καί
1298 3583 1349 3633 τῶν
1360 3578 1424 3632 ἀπο-

920 3669 1028 3721 στόλων.
1048 3682 1091 3737 13.
1131 3661 1426 3734 (Υποτάγητε...ὣςο1

918 3748 1059 3803 ἀπόστολοι
1091 3749 1127 3820 τῷ
1154 3747 1268 3818 Χριστῷ.
1295 3738 1334 3797 11).
1389 3745 1425 3814 τήν

918 3828 1096 3903 πρεσβυτερίηι
1122 3828 1156 3883 ὦς
1181 3828 1235 3882 τοῖς
1261 3824 1423 3879 ἀποστόλων.

919 3907 1005 3966 Τ11111.
1029 3928 1053 3964 2.
1096 3911 1130 3965 ὥς
1150 3906 1295 3973 σύνδεσμον
1314 3904 1426 3960 ἀποστό-

919 3994 977 4046 λων.
1010 4010 1035 4061 3.
1077 3989 1117 4045 ἵνα
1151 3990 1187 4043 διν
1213 3989 1359 4056 κατάκριτος
1391 3987 1426 4042 ὥς

918 4073 1064 4129 ἀπόστολος
1089 4073 1148 4137 ύμῖν
1173 4070 1356 4138 διατάσσομαι.
1385 4064 1422 4122 ib.

918 4159 969 4208 τῶν
982 4155 1156 4225 διαταγμάτων
1164 4154 1215 4205 τῶν
1224 4149 1382 4204 ἀποστόλων.
1397 4160 1422 4219 7.

918 4237 954 4293 είς
974 4237 1066 4305 τιμήν.
1084 4236 1180 4290 ..τῶν
1199 4231 1359 4287 ἀποστόλων.
1378 4246 1422 4284 12.

919 4319 1007 4372 ε’κκῖνοι
1026 4317 1177 4378 ἀπόστολοι,
1198 4313 1249 4386 ίγάν
1270 4313 1422 4383 κατάκριτος.

919 4397 1001 4454 Rom.
1032 4418 1058 4467 4.
1116 4398 1170 4452 τοῖς
1202 4395 1358 4449 ἀποστόλοις
1391 4393 1425 4448 ὣς

918 4476 1095 4554 πρεσβυτερίιρ
1112 4477 1253 4545 ε’κκλησίσς.
1269 4471 1378 4530 Phila&
1395 4486 1421 4544 5.

918 4563 992 4618 αι’πός
1006 4562 1041 4615 ὢν
1050 4559 1130 4632 θύρα.
1145 4557 1214 4614 ..δι’
1225 4555 1254 4626 ής
1267 4555 1425 4626 είσίρχοντοι

919 4646 1012 4699 ...οί
1029 4642 1178 4698 ἀπόστολοι.
1195 4655 1223 4711 9.
1264 4636 1424 4692 ἀκολουθεῖτε

920 4729 1023 4799 ...τῷ
1038 4722 1215 4795 πρεσβυτερίορ
1235 4721 1269 4777 ὥς
1288 4721 1342 4776 τοῖς
1361 4716 1424 4771 ἀπο-

917 4809 1033 4862 στόλοις.
1048 4804 1161 4879 Smym
1178 4803 1204 4857 8.
1247 4803 1291 4870 τῆς
1306 4799 1425 4870 διαδοχῆς

917 4890 969 4940 τῶν
998 4887 1155 4943 ἀπόστολον.
1186 4881 1298 4958 Fragm.
1327 4878 1345 4935 1.
1400 4882 1424 4933 σί

917 4969 1141 5041 εὐογγελισάμενοι
1175 4965 1239 5034 ήμᾶς
1271 4963 1420 5018 ἀπόστολοι

920 5048 1013 5125 Polyc.
1031 5046 1101 5105 Phil.
1118 5046 1144 5102 6.
1187 5047 1227 5100 κα1
1250 5048 1303 5100 τοῖς
1325 5045 1424 5099 λοιποῖς

917 5132 1081 5188 ἀποστόλοις.
1104 5147 1130 5202 9.
1172 5129 1253 5181 ότοῦ
1276 5125 1423 5180 ἀποστόλου

916 5213 1032 5269 Ἰωάννου
1058 5209 1176 5282 μαθητής.
1200 5206 1285 5264 Mart.
1308 5204 1371 5280 lgn.
1397 5222 1421 5260 1.

916 5300 953 5370 τῷ
972 5296 1111 5366 ἀποστόλφ
1131 5313 1181 5345 σου
1202 5286 1298 5362 Παύλην
1318 5286 1422 5355 δεσμοῖς
