3250 6617
565 1110 620 1174 ΕΤ
643 1109 979 1174 FORMULARUM.
1021 1101 1024 1110 ’
1299 1113 1339 1174 15

245 1277 320 1332 πάθει
344 1278 459 1352 άληθινῴ.
483 1276 545 1353 Ign.
569 1275 642 1351 Eph.
662 1274 750 1332 Inscr.

247 1359 273 1413 ἐν
286 1357 444 1432 ῒάθανάτῳῒ
458 1361 507 1427 ζωὴ
520 1358 630 1427 άληθίνη.
649 1369 674 1429 7.
717 1359 754 1415 εἷς

834 1275 893 1332 Ιό.
934 1278 997 1345 μηδὲ
1020 1275 1162 1330 άλλοιοῦσά
1182 1298 1207 1329 τι
1230 1283 1281 1331 τῶν
1302 1278 1343 1332 δε-

834 1358 1047 1431 δοχμστισμένοιν.
1072 1374 1116 1411 20.

246 1441 275 1492 τὸ
297 1440 416 1506 άληθινὸν
438 1443 487 1508 ἤην.
514 1458 546 1496 11
571 1447 600 1497 et
620 1437 706 1495 Trall.
724 1457 752 1511 9.
792 1440 948 1512 Ἀλλότριος.
1005 1442 1050 1509 της
1079 1460 1107 1492 τε
1138 1437 1275 1509 άλλατρίσς
1302 1442 1342 1492 καὶ

245 1522 276 1573 τὸ
296 1521 414 1589 άληθινὸν
435 1522 503 1591 ἡμῶν
521 1524 570 1591 ζῆν.
594 1521 707 1595 Smym.
725 1540 751 1590 4.

246 1601 353 1670 αἰτήσας
379 1624 406 1656 τε
433 1603 493 1674 παρ’
517 1605 599 1658 αὐτῶν
621 1604 667 1672 τὴν
692 1603 754 1670 άλη-

246 1682 316 1752 θινέην
337 1685 441 1755 άγάπην.
472 1683 558 1741 Mart.
582 1683 646 1759 [gn.
671 1684 696 1739 6.
739 1687 754 1737 ὁ

246 1765 362 1836 ἀψευδὴς
382 1767 423 1819 καί
437 1766 555 1835 ἀληθινὸς
572 1769 642 1822 θεός.
656 1762 751 1820 Mart.

206 1928 327 1994 Ἀληθῶς.
352 1890 451 1997 άληθως
464 1929 565 1982 δυναται
579 1931 619 1982 καί
631 1931 676 1998 της
689 1927 752 1997 ἡσυ·

247 2011 306 2079 χίας
319 2011 396 2062 αὐτοῦ
409 2009 514 2064 άκοάειν.
536 2008 599 2085 Igu.
615 2007 688 2085 Eph.
709 2024 752 2080 15.

248 2092 278 2144 τὸ
290 2092 405 2161 χάρισμα
416 2089 574 2163 ἁπέπσμφεν
581 2091 688 2159 άληθῶς.
709 2101 741 2161 17
746 2134 752 2146 .

247 2172 393 2242 πραχθέντα
422 2173 523 2240 άληθῶς
559 2174 598 2226 καλ
631 2173 752 2238 βεβαίων.

833 1520 906 1591 ξένης
927 1525 981 1577 τοῖς
1003 1522 1129 1575 ἐκλεκτοῖς
1151 1523 1198 1574 τοῦ
1217 1523 1339 1575 θεοῦ...

834 1605 958 1659 στάσεως.
984 1599 1073 1658 Clem.
1090 1599 1105 1655 I
1125 1618 1147 1656 1.
1189 1601 1278 1672 τοίπερ
1295 1601 1340 1654 άλ·

833 1686 930 1755 λὰτριοι
943 1687 988 1738 τοῦ
1002 1686 1068 1737 θεοῦ
1082 1683 1159 1738 ὄντες.
1187 1693 1212 1753 7.
1256 1685 1295 1736 καί
1309 1684 1342 1736 τὰ

833 1766 941 1834 κοσμιτέι
967 1769 1045 1818 ταῦτα
1070 1765 1104 1820 ὡς
1128 1764 1250 1834 άλλὰτρισ
1272 1764 1340 1834 '‘ryd-

834 1847 902 1902 σθαι.
926 1844 959 1902 Π
975 1860 1000 1917 5,
1043 1844 1220 1915 άλλοτρίαςθέ
1232 1847 1342 1913 βοτάνης

833 1928 982 1999 ἀπέχεσθαι.
1007 1925 1068 2001 lgn.
1092 1924 1176 1981 Trall.
1194 1925 1219 1981 6.
1262 1927 1341 1981 άλλο-

833 2010 905 2080 τρίου
918 2012 1057 2080 χρώματος.
1076 2006 1158 2063 Rom.
1176 2005 1264 2064 Inscr.
1306 2006 1340 2062 ε’ί-
1413 2011 1417 2020 '

833 2112 872 2146 τις
894 2090 921 2144 ἐν
942 2090 1064 2160 ἀλλοτρίᾳ
1087 2093 1174 2160 γνώμη
1200 2093 1340 2158 περιπατεῖ.

835 2168 943 2227 Philum
961 2188 986 2243 3.

249 2250 345 2326 Magn.
362 2269 405 2308 11.
434 2251 574 2322 θςάληθῶς
588 2253 705 2326 ε’·γεννίηθη
792 2253 969 2325 Ἀλλόφυλος.
1024 2251 1213 2324 φθόνονέσχεν
1230 2297 1251 2307 ,.
1269 2293 1274 2304 .
1292 2252 1342 2306 ὑπὸ

249 2335 357 2405 ἐδιώχθη
369 2381 372 2388 .
387 2380 390 2388 ,
409 2335 574 2406 ,ἐσταυρώθη
587 2380 591 2390 .
605 2380 609 2390 .
627 2337 682 2390 ,καί
693 2334 753 2390 άπέ-
833 2332 1055 2405 τῶνάλλοφῦλοιν.
1072 2330 1160 2388 Clem.
1176 2331 1229 2402 14.
1253 2333 1288 2388 εἷς
1297 2334 1343 2402 τὴν

166 2436 169 2441 ¹
249 2414 328 2468 θανεν.
350 2438 370 2470 κ.
386 2439 409 2471 τ.
425 2419 449 2471 λ.
475 2414 559 2471 Trall.
576 2433 602 2488 9.
643 2416 756 2485 μαθητὴς
833 2417 998 2488 παρεμβολὴν
1011 2421 1062 2469 τῶν
1075 2413 1240 2485 άλλοφύλων.
1258 2426 1304 2485 55.

248 2496 348 2565 άληθῶς
381 2501 426 2551 τοῦ
456 2502 576 2569 Χριστοῦ.
613 2496 696 2554 Rom.
727 2517 752 2567 4.
793 2496 935 2570 Ἀλουργίς
979 2496 1127 2568 ἁπεριθείς
1147 2498 1226 2570 ἐαυτῷ
1248 2499 1340 2567 ἁλουρ-

251 2577 289 2631 ὅτι
309 2578 409 2645 άληθῶς
424 2580 500 2651 λέγω.
524 2580 550 2635 8.
593 2575 682 2654 ἐνῷἁ
701 2586 755 2632 Πα-
834 2577 893 2650 γίδσ
905 2577 1049 2646 βασιλικίην.
1073 2574 1135 2652 Igu
1152 2575 1265 2652 Fragm.
1282 2575 1299 2632 i.

249 2659 296 2730 τηρ
310 2659 437 2728 ἐλάλησεν
447 2660 553 2730 άληθῶς.
576 2658 613 2717 ib.
656 2660 756 2728 άληθῶς
789 2658 864 2716 Ἀλς.
906 2659 1004 2728 στήλην
1016 2661 1085 2714 ἁλός.
1107 2657 1195 2715 Clem.
1212 2658 1227 2714 I
1246 2676 1289 2714 11.

250 2741 309 2794 ὄντα
329 2740 356 2794 ἐκ
376 2743 464 2814 γένους
483 2743 574 2806 Δαβίδ.
596 2740 709 2816 Smyrn.
730 2759 752 2796 1.
793 2740 963 2811 ’ἁμαρτάνειν
1006 2739 1030 2795 εἰ’
1046 2762 1070 2793 τι
1090 2739 1191 2796 ἄκοντες
1208 2740 1341 2812 ἡμάρτετε.

249 2823 412 2895 γεγενημένον
420 2824 518 2893 άληθῶς
531 2825 559 2878 ἐκ
572 2821 753 2895 παρθένουίλ).
836 2819 925 2879 Clem.
943 2820 999 2877 12.
1042 2820 1173 2878 ἀκούοντες
1193 2824 1282 2892 ὥσπερ
1299 2845 1341 2890 μι-

250 2904 350 2973 άληθῶς
376 2906 418 2960 ἐπὶ
441 2907 550 2960 Ποντίου
578 2907 754 2961 Πιλάτου
835 2908 901 2976 κρῶν
923 2905 1101 2975 ἁμαρτάνομεν.
1124 2901 1156 2958 Π
1179 2920 1202 2958 1.
1254 2904 1343 2960 Οὐδείς

250 2986 433 3055 καθηλωμένον.
448 2984 484 3041 ib.
522 2988 570 3041 Καὶ
583 2986 683 3055 άληθῶς
695 2988 756 3040 ἔτιο-
834 2989 923 3040 πίστιν
949 2986 1169 3058 ἐπαγγελλόμενος
1197 2986 1340 3057 ἁμαρτάνει.

250 3067 301 3137 θεν,
316 3068 350 3123 ὣς
370 3069 410 3122 καί
429 3067 528 3136 άληθῶς
547 3067 688 3137 ἀνέστησεν
700 3070 757 3122 έαυ-
836 3065 901 3142 Ign.
917 3064 990 3142 Eph.
1010 3085 1054 3136 14.

249 3150 300 3202 τόν.
315 3165 339 3202 2.
383 3149 422 3203 ὅτι
435 3148 535 3217 άληθῶς
548 3149 659 3213 άνελσβε
673 3155 756 3219 σῶμα.
794 3147 949 3220 ’ἁμάρτημα
991 3151 1016 3203 ol
1036 3150 1064 3205 δέ
1084 3146 1281 3218 μετανοησαιπες
1301 3148 1342 3201 ἐπὶ

251 3225 365 3303 Fragm.
375 3227 436 3285 viii.
458 3235 509 3283 τῶν
520 3231 620 3298 άληθῶς
632 3232 680 3285 ὑπὸ
691 3234 757 3284 θεοῦ
835 3234 888 3286 τοῖς
901 3228 1083 3302 ἁμαρτήμασιν.
1107 3226 1195 3285 Clem.
1212 3227 1227 3283 I
1243 3241 1268 3300 7.

254 3311 507 3382 ...ἐκλελεγμένον
524 3309 618 3385 Polyc.
636 3309 708 3366 Phil.
721 3328 744 3366 1.
794 3309 925 3383 ’ἁμαρτία
955 3312 1147 3384 προσφέροντα
1158 3310 1342 3380 θυσίαι-..περὶ

210 3389 348 3458 Ἀλησμός.
391 3391 504 3460 άλησμαὶ
524 3394 586 3446 ὅλου
607 3397 652 3447 τοῦ
671 3396 757 3462 σώμα-
836 3390 963 3464 ἁμαρτίας.
986 3390 1074 3450 Olem.
1098 3390 1178 3460 141.
1220 3391 1342 3462 Ἀμαρτία

251 3493 304 3528 τοι.
327 3470 391 3547 Ign.
407 3470 489 3529 Rom.
506 3485 533 3543 5.

210 3551 367 3619 ’ἁλίζεσθαι
408 3553 544 3623 Ἀλίσθητι
558 3554 586 3607 ἐν
598 3555 672 3628 αὐτῷ.
693 3553 755 3629 Ign.

252 3631 349 3708 Maga
369 3651 412 3689 10.

211 3714 353 3784 Ἀλληλων.
385 3713 616 3783 ίάναμνησίκακοιί·
631 3717 667 3772 είς
679 3716 757 3785 άλλη-

251 3799 322 3852 λους.
346 3793 435 3852 Clem.
451 3795 466 3850 I
483 3814 507 3852 2.
547 3798 624 3866 μηθὲν
636 3797 759 3866 ἀλληλοις

252 3878 424 3946 ἐμποδίζοντα.
443 3896 488 3933 20.
526 3881 632 3950 Καιροί.
665 3902 759 3949 ,μετα-

251 3960 433 4029 παραδιὰόασιν
465 3959 595 4030 ἀλληλοις.
630 3958 666 4016 ib.
719 3961 758 4015 ὅτι

251 4041 318 4109 μέλη
332 4041 410 4110 έσμὲν
423 4040 558 4111 ἀλλήλους
580 4040 629 4111 46.
671 4042 760 4111 ἦνον·

252 4121 354 4190 θέτησις
387 4121 417 4191 ἣν
441 4122 580 4193 ποιούμεθα
611 4125 647 4181 είς
679 4124 759 4193 άλλη·

252 4206 320 4259 λους.
346 4203 393 4273 56.
435 4206 497 4273 μηδέ
516 4207 665 4259 καταλαλεῐν
680 4204 759 4274 άλλη-

253 4288 314 4340 λων.
338 4283 370 4339 ΙΙ
386 4305 411 4355 4.
455 4289 618 4358 συμπάσχειν
637 4285 759 4355 ἀλληλοις

254 4365 400 4436 ὀφείλομεν.
422 4365 460 4422 ib.
495 4367 644 4438 Ἀγαπῶμεν
657 4367 759 4422 οὖνάλ-

253 4447 355 4517 ληλους.
381 4465 406 4519 9.
448 4449 600 4520 ἐντρέπεσθε
626 4448 758 4519 ἀλληλοις.

255 4527 317 4604 Ign.
345 4527 440 4604 Magn.
469 4529 494 4584 6.
551 4529 679 4598 άλληλουτ
705 4531 758 4584 δια·

253 4612 346 4667 παντὸς
366 4610 486 4682 ἀγαπᾶτε.
516 4609 552 4667 ib.
604 4611 759 4684 ’Ὑποτάγητε

254 4695 290 4765 τῷ
304 4692 435 4766 ἐπισκὰτφ
449 4695 488 4747 καὶ
501 4693 629 4762 ἀλληλοις.
649 4709 692 4764 13.
728 4696 758 4762 τῇ

253 4771 308 4842 μετ’
321 4771 441 4841 ἀλλήλων
453 4779 594 4846 προσευχῇ.
608 4771 693 4829 Trall.
713 4791 756 4829 12.

836 3475 886 3544 γὰρ
908 3475 937 3527 οὐ
960 3476 1035 3544 νεκρὰ
1057 3474 1115 3543 ἡμῖν
1134 3473 1214 3526 ἔσται
1239 3490 1284 3541 44·
1327 3472 1343 3540 1

836 3556 991 3624 πρόσκλισις
1017 3555 1097 3623 ἐκείνη
1124 3552 1199 3622 ἦττον
1221 3553 1343 3624 ἁμαρτίαν

837 3635 894 3702 ὑμῖν
905 3634 1083 3708 προσήνεγκεν.
1108 3646 1154 3706 47.
1197 3634 1281 3706 άγάπη
1297 3656 1341 3687 κα·

836 3715 927 3771 λάπτει
946 3716 1044 3786 πλῆθος
1060 3711 1195 3788 ἁμαρτίαν.
1218 3732 1265 3786 49.
1308 3715 1343 3770 είς

836 3799 867 3851 τὸ
880 3797 1004 3868 ἀφεθῆναι
1060 3801 1105 3855 τὰς
1125 3798 1246 3868 ἁμαρτίας
1265 3795 1340 3865 ἡμῶν.

839 3892 885 3949 50.
928 3881 962 3935 ὥς
985 3878 1170 3951 προυδοίπορον
1192 3882 1242 3931 τῶν
1264 3881 1343 3949 ἁμαρ-

837 3958 1035 4030 τίωνημῶν.ῙΙ
1054 3978 1097 4017 10.
1133 3959 1215 4027 δεινὴν
1228 3957 1344 4012 σάνοικον

837 4043 883 4110 τὴν
895 4043 1017 4114 ἁμαρτίαν
1033 4043 1204 4114 παρειληφώς·
1227 4037 1341 4114 Fmgm.

837 4121 874 4177 vi.
917 4126 1036 4195 σάρκα..
1052 4125 1116 4194 .ττ)ν
1128 4123 1192 4193 ὺπέρ
1202 4126 1253 4175 τῶν
1265 4126 1344 4192 ἁμαρ

838 4206 898 4259 τίων
911 4204 979 4274 ἡμῶν
991 4206 1132 4261 παθοῦσαν.
1148 4202 1211 4278 Ign.
1228 4201 1341 4276 Smyrn.

840 4284 866 4340 6.
888 4284 980 4354 ταθτην
993 4333 998 4343 ,
1011 4333 1017 4343 ,
1031 4287 1194 4356 ,ἐξαλείφειν
1207 4285 1252 4352 τὴν
1264 4289 1344 4352 ἁμαρ-

837 4368 899 4422 τίαν.
916 4366 1029 4443 Fragm
1044 4366 1073 4424 ii.
1096 4367 1125 4425 ὃς
1137 4368 1267 4435 ὑπέμεινεν
1280 4365 1344 4437 ὑπέρ

838 4453 888 4502 τῶν
920 4454 1052 4520 ἁμαρτιῶν.
1093 4446 1187 4522 Polyc.
1220 4443 1292 4501 Phil.
1319 4463 1342 4501 1.

837 4532 934 4601 μακράν
960 4531 1017 4585 ἐστι
1043 4532 1128 4598 πάσης
1154 4528 1283 4599 ἁμαρτίας.
1315 4544 1342 4600 3.

838 4611 970 4680 ὀφειλέται
984 4613 1062 4681 ε’σμέν
1075 4612 1202 4683 ἁμαρτίας.
1226 4608 1253 4664 6.
1296 4612 1346 4664 Τὸν

838 4691 1068 4760 άνασταυρώσαντσ
1082 4693 1128 4762 τὴν
1141 4691 1202 4762 ἐμὴν
1215 4692 1344 4762 ἁμαρτίαν.

838 4770 923 4830 Man.
940 4773 1002 4850 Igu
1020 4793 1045 4829 α.

255 4856 279 4908 οί
292 4853 697 4928 κατ’ἁνθραάλλήλουςάγαπᾶτε.
713 4873 756 4928 13.
796 4853 963 4926 Ἀμαάροσις.
1004 4855 1166 4928 Ἀμαῦρωσιν
1179 4852 1346 4926 οὔνπερικεί-

255 4938 411 5008 Συγκοπιῖιτε
444 4936 573 5006 άλληλοις.
609 4935 704 5011 Polyc.
730 4937 756 4993 6.
836 4958 914 5004 μενοι.
937 4935 1026 4994 Clem.
1043 4936 1076 4993 II
1094 4955 1118 4994 1.

255 5016 475 5090 Μακροθυμίησατε
498 5017 542 5073 οὖν
560 5017 614 5087 μετ’
630 5017 757 5087 άλλὴλοιν.
796 5017 982 5088 Ἀμβλυωπεῖν.
1025 5019 1194 5089 ἐντῇπίστει
1207 5019 1284 5073 σῦτοῦ
1297 5017 1345 5088 άμ-

254 5096 292 5154 ib.
335 5099 399 5170 ὑπέρ
412 5102 456 5169 τῆς
468 5104 520 5153 τῶν
530 5099 652 5170 άὰιλφόν
665 5100 700 5156 είς
713 5099 759 5153 άλ-
837 5103 1000 5169 βλνοπῆσαι.
1023 5097 1112 5157 Clem.
1128 5098 1144 5155 Ι
1159 5116 1185 5172 3.

254 5180 468 5252 λίηλουςάγάπης.
489 5177 575 5238 Mam
591 5179 656 5257 Igu.
673 5180 699 5237 6.
797 5180 931 5250 Ἀμείβειν.
972 5182 1074 5251 άμιίβοι
1094 5183 1153 5251 ὑμῖν
1176 5182 1247 5238 θιὰς.
1278 5175 1342 5252 Igu.

214 5260 355 5317 Ἀλλοιοῦν.
408 5260 705 5332 Ζηλοτ...τήλλσιόσεν
730 5264 761 5317 τὸ
839 5259 952 5338 Smym
979 5279 1005 5337 9.
1047 5262 1199 5336 Ἀμείψεται
1225 5261 1302 5316 αυτὸν
1328 5257 1344 5326 ἡ

254 5343 330 5415 ῥηθὲν
340 5343 390 5398 ὑπὸ
402 5346 448 5397 τοῦ
460 5345 555 5415 πατρὸς
564 5343 653 5415 Ἀδάμ
669 5342 759 5403 Olem.
838 5346 913 5417 χάριι
926 5347 989 5403 οοτὰ
1000 5346 1092 5402 ubre.
1110 5360 1155 5400 12.
