3250 6617
411 1061 432 1126 6
776 1064 808 1129 S.
834 1063 1083 1130 CLEMENTIS

243 1248 366 1376 {grew
409 1233 558 1339 βράδιον
591 1234 801 1341 [νομ]ίζομιν
832 1234 1057 1345 ἐπιστροφὴν
1088 1237 1336 1344 πεποιη[κε’ν]αι
1370 1241 1457 1340 περὶ

242 1349 379 1493 lancium&
408 1369 481 1442 τῶν
499 1361 773 1465 ἐπιζητουμένων
792 1365 900 1470 [πα]ρ’
914 1367 994 1463 ὑμῖν
1011 1363 1242 1469 πραγμάτων,
1262 1367 1456 1467 ἀγαπητοί

241 1509 398 1626 ahmin
408 1494 472 1591 τῆς
488 1525 526 1570 τε
543 1493 738 1595 ἀλλοτρίας
761 1495 820 1572 καὶ
844 1490 947 1596 ξένης
969 1499 1044 1578 τοῖς
1065 1495 1240 1577 ἐκλεκτοῖς
1256 1501 1320 1572 τοῦ
1338 1499 1453 1589 θεοῦ,

407 1625 536 1723 mapale
550 1624 608 1700 καὶ
624 1620 771 1700 ἀνοσίου
787 1618 964 1718 στάσεως,
978 1619 1022 1720 ἣν
1038 1622 1145 1722 ὀλίγα
1162 1620 1343 1725 πρόσωπα
1359 1655 1456 1724 προ-

408 1750 495 1846 πετῆ
523 1750 581 1827 καὶ
607 1745 742 1847 αὐθάδη
770 1745 974 1852 ὑπάρχοντα
1003 1752 1051 1833 εἱς
1078 1755 1254 1828 τοσοῦτον
1281 1750 1488 1840 &novarias-5

409 1972 565 2032 Clementis
597 1973 687 2033 nostri
720 1974 907 2051 interpretem
947 1982 1041 2045 nente,
1074 1981 1169 2034 stante
1203 1974 1295 2034 adhuc
1328 1974 1453 2052 Templo

408 2055 514 2127 audias,
540 2053 616 2112 baud
647 2055 735 2113 ullaun
766 2055 908 2133 opinionis
948 2055 1220 2133 Hierosolymitano,
1244 2075 1346 2133 nempe
1373 2057 1454 2116 circa

408 2156 476 2194 suae
486 2136 626 2195 rationem
637 2136 771 2214 dignatus
784 2145 828 2196 est
841 2157 906 2215 pro·
947 2137 1039 2196 Acrae
1065 2138 1191 2216 vulgaris
1219 2158 1327 2196 annum
1355 2141 1404 2210 68,
1432 2159 1453 2196 a

408 2217 489 2289 ferre,
521 2218 718 2277 testimonium
749 2218 907 2296 Hegesippi
948 2218 1095 2278 Clemente
1117 2219 1254 2296 scriptam
1275 2218 1360 2277 luisse
1384 2239 1453 2278 cen-

408 2299 524 2358 adducit
544 2300 581 2358 ad
601 2320 709 2357 annum
731 2300 907 2377 95,1,quod
947 2307 1019 2359 sent.
1062 2300 1173 2374 Quibus
1193 2300 1352 2359 rationibus
1373 2300 1452 2360 nita·

407 2381 590 2458 scriptionem
608 2381 693 2458 hujus
706 2381 853 2459 Epistolae
870 2382 907 2439 ad
947 2388 996 2440 tur
1011 2381 1081 2440 haec
1099 2382 1240 2442 sententia
1255 2382 1352 2440 videas
1370 2383 1451 2459 apud

407 2481 514 2520 annum
534 2462 734 2521 duodecimum
748 2463 907 2522 Domitiani
948 2463 1075 2522 Wotton
1087 2463 1177 2522 Praei.
1189 2463 1226 2521 ad
1234 2463 1322 2523 Cleua
1334 2482 1361 2540 p.
1372 2463 1450 2533 cciii,

407 2544 502 2602 refert.
545 2543 658 2615 Junius,
672 2563 761 2622 quum
777 2565 815 2603 ex
830 2544 908 2603 hisce
947 2564 988 2622 sq.
999 2545 1045 2603 vel
1055 2546 1132 2623 apud
1142 2544 1272 2604 Galland
1285 2545 1448 2622 Prolegoun

407 2625 512 2697 verbis,
525 2633 589 2684 tum
608 2626 694 2684 etiam
717 2646 753 2684 ex
773 2645 808 2684 eo
829 2626 906 2703 quod
947 2625 984 2683 ad
1007 2626 1142 2685 Biblioth.
1168 2626 1243 2685 Patt.
1259 2646 1286 2704 p.
1302 2626 1361 2683 xix.
1391 2627 1449 2685 Ju-

408 2707 541 2766 Clemens
553 2706 639 2766 habet
652 2708 688 2765 de
700 2707 728 2765 S.
739 2707 817 2766 Petri
831 2727 906 2764 mar-
946 2707 1027 2766 nium
1042 2709 1131 2767 secuti
1145 2715 1211 2767 sunt
1225 2707 1448 2785 Hilgenfeldius,

407 2788 492 2864 tyrio,
507 2788 629 2865 conjicit,
643 2788 729 2846 fuisse
748 2788 822 2847 hano
837 2789 906 2865 Epi·
946 2809 972 2866 p.
981 2789 1287 2867 83sq.,etLipsius,pp.
1298 2803 1447 2864 140-147.

406 2870 510 2928 stolam
535 2869 708 2928 Corinthum
733 2870 848 2928 missam
872 2890 906 2928 eo
991 2890 1013 2928 1.
1029 2867 1146 2951 βράδιον]
1170 2870 1218 2929 It'a
1236 2870 1391 2948 legendum
1405 2871 1449 2929 vi-

406 2958 536 3026 tempore
562 2970 620 3029 quo
647 2951 779 3010 Clemens
805 2951 905 3010 exsilio
945 2952 1272 3011 deruntllill.etW0tt.
1302 2951 1447 3012 coalia

407 3032 562 3090 mulctatus
581 3032 682 3104 fuerat,
696 3033 771 3090 circa
790 3032 906 3090 initium
947 3033 1064 3091 exhibet
1092 3043 1266 3104 ΒΡΑΔΕΙΟΝ,
1293 3033 1371 3111 quod
1405 3033 1450 3093 ita

407 3112 531 3190 Trajani,
545 3121 595 3172 aut
609 3134 667 3172 non
684 3113 777 3172 multo
789 3122 862 3190 post,
877 3121 907 3172 et
946 3114 1095 3191 corrigunt
1118 3114 1246 3174 Clericus
1273 3121 1303 3173 et
1327 3110 1449 3189 Birrius,

407 3195 519 3253 duobus
541 3194 656 3272 quidem
679 3195 761 3252 anuis
784 3196 830 3254 vel
853 3195 907 3253 cir·
946 3198 1132 3269 βραδεῖαν...
1153 3196 1207 3254 hoc
1226 3195 1334 3255 scilicet
1354 3215 1449 3270 sensu,

407 3275 480 3335 citer
492 3283 558 3334 ante
572 3277 632 3353 ejus
645 3276 823 3353 martyrium
864 3277 908 3336 At
946 3297 1040 3335 mam
1053 3298 1106 3335 noe
1122 3277 1318 3336 αιίοονοὼηαη
1331 3277 1448 3357 (animi)

407 3376 444 3416 ne
477 3357 604 3415 dicamus
636 3358 761 3415 fabulam
798 3378 907 3416 meram
937 3358 1041 3434 secisse
1054 3358 1248 3434 iraellipimna

407 3458 468 3497 oese
508 3446 601 3497 totam
637 3439 717 3497 illam
755 3438 906 3516 Sylnconls
987 3440 1024 3497 lb.
1046 3436 1218 3520 [νομ]ίζοριν]
1243 3439 1327 3518 Legit
1341 3439 1449 3500 «lunius

407 3519 619 3597 Metapllmstne
651 3520 844 3580 narrationem
871 3522 907 3579 de
947 3523 1104 3592 δυσοίζορεν,
1150 3522 1219 3580 satis
1267 3521 1449 3582 incommode

406 3601 508 3660 exsilio
530 3610 559 3660 et
582 3602 720 3679 nartyrio
742 3602 906 3676 Clementis,
946 3603 1142 3679 proculdubio,
1176 3603 1321 3680 poeticum
1357 3623 1448 3681 quum

407 3682 475 3742 licet
498 3691 574 3743 certe
598 3703 663 3742 cum
687 3684 798 3743 Clerico
822 3704 907 3761 quae
946 3684 985 3742 sit
999 3684 1176 3756 vocabulum,
1190 3704 1242 3742 nec
1255 3704 1375 3762 usquam
1391 3685 1448 3744 nisi

407 3784 478 3837 rere,
496 3771 503 3798 ‘
518 3764 589 3838 Quis
609 3765 714 3836 credat,
729 3765 907 3824 Clementem
947 3766 1023 3842 apud
1040 3766 1149 3838 Poetae,
1168 3786 1289 3843 raroque
1309 3766 1385 3843 apud
1403 3767 1448 3844 ip-

408 3846 615 3918 ‘exsulantem
632 3847 746 3905 nomine
764 3847 907 3905 Ecclesiae
946 3866 1001 3918 scs,
1016 3855 1153 3906 occurrat.
1184 3858 1206 3903 0
1219 3855 1287 3905 ante
1300 3858 1320 3919 1,
1333 3848 1379 3907 vel
1392 3848 1448 3906 sal·

408 3928 906 4005 ιοιιίρταοίιιοςαο,Ερίοοοίοοιοοςίρ-
946 3935 1006 3987 tem
1030 3928 1183 4006 vestigium
1207 3929 1323 4005 aliquod
1346 3935 1391 3986 τοῦ
1416 3940 1447 4002 0,

407 4009 510 4081 ‘sissej
524 4029 613 4087 quum
627 4010 907 4068 multocommodius
946 4009 1008 4068 MS.
1025 4009 1094 4068 Cod.
1115 4009 1337 4069 accuratioribus
1357 4010 1449 4071 oeulis

407 4091 462 4148 ‘ab
476 4091 520 4162 iis,
531 4091 580 4167 qui
595 4092 703 4150 Romae
717 4098 806 4163 erant,
821 4091 906 4149 scribi
945 4091 1069 4150 intuenti
1085 4091 1178 4149 visum
1198 4091 1284 4150 fuisse
1303 4091 1445 4151 adfirmat

407 4174 546 4248 ‘possetl
586 4172 634 4229 An
657 4172 792 4231 credibile
819 4172 906 4231 etiam
946 4172 1041 4246 Quam
1054 4182 1185 4231 accurate
1198 4172 1294 4232 hocin
1307 4173 1371 4232 loco
1382 4173 1446 4234 Ma

406 4258 472 4312 ‘est
493 4253 670 4312 Clementem
690 4253 784 4311 exsilii
805 4254 849 4312 sui
870 4273 906 4311 ne
947 4253 1017 4313 Cod.
1039 4254 1077 4313 sit
1097 4254 1228 4326 intuitus,
1249 4253 1311 4331 ipsc
1330 4254 1447 4314 nescio:

407 4335 577 4392 ‘minimam
595 4335 711 4412 quidem
731 4336 906 4393 mentionem
946 4335 1017 4393 mihi
1041 4356 1128 4412 quam
1155 4344 1286 4395 accurate
1312 4355 1380 4394 eum
1402 4336 1448 4394 in·

406 4416 570 4475 ‘facturum
583 4416 701 4474 finissel’
732 4417 905 4489 Dodwellus,
946 4417 1077 4494 spicienti
1091 4417 1162 4474 nihil
1176 4417 1338 4494 hujusmodi
1352 4417 1449 4476 visum

405 4517 470 4556 cum
499 4519 556 4575 quo
578 4497 686 4556 faciunt
713 4506 776 4556 tum
801 4499 906 4575 Pagina
946 4498 1009 4571 fuit,
1031 4518 1122 4576 neque
1143 4498 1244 4571 Millio,
1264 4498 1314 4576 qui
1334 4506 1364 4558 et
1384 4499 1449 4577 ipse

405 4588 469 4638 tum
497 4580 605 4652 Orsius,
633 4579 809 4639 calamitates
838 4580 906 4639 istas
946 4580 1077 4652 contulit,
1094 4588 1124 4638 et
1143 4580 1174 4637 in
1194 4599 1246 4638 suo
1267 4578 1373 4639 Codice
1392 4580 1450 4641 hoc

405 4662 442 4720 ad
455 4662 579 4720 Neronis
592 4670 722 4737 tempora
735 4661 864 4733 retrahit,
876 4661 907 4718 in
948 4661 978 4718 in
991 4662 1053 4719 loco
1068 4662 1244 4720 observavit:
1260 4662 1368 4720 ‘Immo
1378 4682 1450 4722 vero

407 4742 612 4802 Dissertatione
623 4743 784 4801 Posteriore
796 4743 908 4819 adjecta
949 4742 997 4799 ‘in
1009 4742 1094 4801 lllSto
1106 4743 1175 4801 Cod.
1191 4742 1358 4820 neutiquam
1368 4750 1450 4803 certo

407 4823 549 4901 Operibus
575 4824 739 4883 Posthumia
763 4824 907 4894 Penrsoni,
949 4824 1161 4901 ‘deprehendas
1180 4836 1209 4897 0,
1226 4824 1276 4882 sed
1294 4825 1450 4884 obscurum

406 4924 435 4980 p.
450 4923 506 4979 ²¹9
521 4926 561 4983 sq.
591 4906 627 4963 In
645 4907 774 4964 camdem
794 4915 908 4964 senten·
950 4906 1066 4964 ‘nescio
1090 4905 1168 4982 quid,
1191 4906 1268 4983 quod
1292 4925 1381 4984 aeque
1407 4906 1450 4967 sit

406 4986 478 5044 tiam
512 4995 709 5045 concesserunt
743 4988 905 5058 Wottonus,
949 4993 1036 5063 ‘pars
1056 4986 1155 5046 literae
1170 4998 1215 5045 M:
1237 4995 1314 5046 certe
1331 4988 1362 5045 in
1377 5007 1450 5048 voce

408 5066 535 5143 Freyius,
561 5067 734 5139 Gallandius,
762 5076 791 5127 et
820 5069 907 5127 Hele·
948 5073 1211 5147 ‘mplsopwpostea
1224 5079 1250 5124 Μ
1265 5077 1295 5128 et
1309 5080 1330 5125 ο
1344 5088 1450 5146 panum

408 5148 488 5219 lius;
522 5157 607 5225 atque
637 5149 709 5207 hanc
737 5150 905 5226 Epistolam,
948 5150 1124 5208 ‘admodum
1137 5150 1281 5222 differunt,
1294 5150 1337 5209 ita
1353 5158 1388 5210 ut
1406 5150 1449 5210 fa·

409 5228 574 5289 Neroniana
607 5231 803 5307 persecutione
835 5231 907 5289 desi-
948 5231 1022 5291 ‘cile
1036 5230 1448 5311 credamexvcstigioliterae,
