3250 6617
458 1080 521 1143 no
543 1080 935 1159 conmrmosxxu.
1154 1081 1217 1146 107

172 1253 294 1329 istens
310 1280 425 1329 armos
444 1256 665 1357 quingentos
681 1258 787 1343 vivit,
805 1270 844 1331 et
869 1284 983 1355 quum
1011 1268 1127 1331 morte
1145 1257 1217 1330 dis-

174 1370 353 1447 solvenda
377 1381 444 1457 est,
462 1399 482 1446 e
503 1372 621 1459 thure,
638 1374 796 1473 myrrha,
813 1384 853 1447 et
877 1373 1025 1472 reliquis
1049 1374 1218 1447 aromati·

173 1489 246 1564 bus
272 1488 430 1564 loculum
460 1490 529 1564 sibi
555 1491 677 1577 stmit,
702 1518 811 1589 quem
839 1491 1018 1589 completo
1040 1518 1218 1565 armemur

174 1608 297 1707 spatio
312 1608 530 1707 ingreditur,
548 1618 587 1681 et
603 1609 718 1682 vitum
736 1608 910 1706 deponit;
940 1636 985 1681 ex
1004 1636 1109 1682 came
1133 1636 1218 1683 vero

176 1724 258 1825 ejus
285 1724 494 1824 putrefacta
516 1726 650 1799 vermis
679 1725 829 1825 quidam
856 1724 1027 1811 nascitur,
1050 1726 1114 1823 qui
1143 1726 1220 1799 ani-

176 1842 284 1915 malis
299 1841 464 1916 defuncti
480 1841 631 1915 humore
648 1842 813 1914 nutritus
831 1840 1034 1939 plumescit,
1049 1852 1087 1915 et
1103 1842 1220 1915 auctis

176 1970 307 2057 postea
328 1958 467 2032 viribus
491 1958 649 2032 loculum
671 1958 768 2031 tollit
793 1958 833 2029 in
858 1984 931 2055 quo
957 1986 1037 2031 ossa
1059 1957 1220 2056 parentis

176 2074 366 2149 recondita
390 2088 488 2162 srmt,
516 2101 609 2173 quae
635 2086 785 2175 gestans
813 2102 859 2147 ex
889 2074 1045 2148 Ambica
1074 2075 1220 2173 regione

176 2192 217 2265 in
241 2192 470 2291 Aegyptum,
498 2202 537 2263 et
565 2190 691 2264 urbem
722 2217 816 2289 quae
849 2191 1051 2289 Heliopolis
1076 2191 1220 2277 dicitur,

177 2306 355 2407 pervolat,
387 2334 430 2381 ac
466 2306 717 2406 spectantibus
756 2307 923 2379 omnibus
960 2307 1092 2380 ‹liumo
1129 2318 1221 2380 tem-

176 2452 265 2525 pore
289 2424 465 2499 advolans
494 2451 605 2523 super
629 2424 745 2497 altare
771 2423 865 2498 Solis
896 2422 956 2495 illa
985 2423 1143 2509 collocat,
1167 2434 1221 2498 at-

176 2568 250 2641 que
267 2542 323 2615 ita
339 2543 438 2618 unde
451 2552 612 2627 venerat,
629 2541 847 2639 regreditur.
898 2540 1111 2613 Sacerdotes
1127 2567 1221 2614 com-

177 2660 376 2733 mentarios
398 2670 605 2757 tempomm
635 2657 833 2757 diligenter
860 2657 1067 2756 inspiciunt,
1089 2670 1128 2732 et
1157 2659 1221 2731 im-

176 2774 279 2877 pleto
313 2803 409 2851 anno
442 2775 747 2876 quingentesimo,
774 2774 923 2847 rediisse
954 2774 1053 2849 illam
1081 2802 1221 2875 compe-

176 2894 292 2967 riunt.

229 3010 374 3085 XXVI.
399 3010 461 3082 An
478 3034 653 3107 magnum
669 3008 786 3107 igitur
802 3018 841 3081 et
858 3008 1112 3081 admirandum
1129 3008 1221 3082 arbi·

178 3127 368 3214 trabimur,
393 3127 425 3199 si
454 3151 575 3199 rerum
605 3124 768 3196 ormrium
799 3124 922 3222 opifex
949 3151 1136 3223 resurgere
1162 3152 1223 3199 eos

178 3242 298 3329 faciat,
323 3242 388 3342 qui
417 3242 455 3313 in
482 3240 597 3313 bonae
626 3239 712 3313 fidei
736 3238 956 3313 confidentia
980 3239 1145 3339 religiose
1170 3240 1223 3313 illi

177 3358 435 3444 inservierunt,
453 3382 568 3456 quum
585 3382 651 3455 per
667 3354 851 3428 volucrem
873 3355 1119 3453 promissionis
1136 3383 1223 3429 sune

179 3474 489 3575 magnificentiam
522 3472 666 3546 abunde
700 3470 805 3544 nobis
839 3471 1070 3569 patefaciat?
1125 3473 1224 3546 Dicit

177 3726 349 3803 Asyyptuns
371 3726 420 3785 Sic
428 3725 682 3802 Snncroltiusquo-
723 3733 837 3783 tantum
858 3724 1003 3783 illustrent
1016 3725 1092 3801 quod
1113 3726 1224 3797 dotent,

177 3826 243 3886 que,
266 3808 317 3885 qui
343 3807 558 3883 interpretatur,
585 3808 682 3883 carpit,
723 3808 797 3864 sorte
817 3806 854 3863 ab
877 3826 910 3863 ea
931 3806 1117 3881 cintii-,atione
1138 3808 1225 3865 absti-

176 3888 310 3959 incls'net,
324 3908 443 3947 curm-oi
455 3889 566 3965 diripit,
577 3900 606 3948 et
616 3910 683 3945 um·
723 3889 839 3946 nuisset.
856 3886 964 3945 GUIL.
982 3886 1156 3945 BUltTON.
1179 3888 1225 3945 Fi-

177 3970 235 4031 fert
254 3970 321 4030 Aet.
341 3971 393 4028 xxi
410 3984 439 4044 7,
460 3990 569 4029 necnon
588 3970 683 4027 Euna-
723 3970 768 4027 nis
781 3968 917 4027 historiae
931 3968 966 4026 dc
980 3968 1121 4027 cineribus
1137 3969 1225 4027 Pboe-

177 4052 260 4131 pium
279 4052 310 4110 in
323 4051 385 4111 vin
400 4051 524 4123 Aedesii‚
539 4055 570 4107 οὐ
587 4056 684 4125 μακρὰν
723 4051 794 4108 nicis
820 4071 886 4109 arne
920 4050 987 4107 solis
1018 4050 1167 4127 impositis,
1195 4051 1224 4108 in

177 4136 239 4191 no
264 4138 292 4191 ἐκ
318 4138 498 4193 Καππαδοκίας
523 4136 560 4191 «b
592 4134 685 4207 Συρίαν
724 4133 794 4191 urbe
813 4132 1018 4209 superstitiosa,
1033 4132 1158 4210 ejusdam
1181 4142 1225 4191 cst

179 4217 306 4273 αανίτααη
319 4220 359 4273 καὶ
372 4216 463 4285 tanim
724 4213 840 4290 ingenii,
871 4215 948 4290 quod
983 4214 1058 4272 inter
1093 4213 1226 4271 mulieres

223 4315 268 4354 10.
282 4293 462 4377 Ἡλιούπολιν]
484 4296 593 4353 Locum
606 4294 682 4353 hunc
722 4294 784 4371 pias
805 4295 949 4353 Danaides
972 4305 1002 4353 et
1021 4295 1121 4353 llircas
1142 4303 1226 4353 antea

179 4376 216 4437 de
240 4376 388 4449 Phoenice,
409 4378 491 4455 qussi
512 4377 682 4435 emblemate
723 4376 872 4435 recensuit.
895 4376 925 4435 si
940 4384 1035 4435 trimen
1051 4376 1118 4433 baec
1132 4383 1226 4435 essent

178 4459 403 4524 manationis,
417 4479 502 4518 nemo
522 4458 680 4535 castigavit,
723 4458 888 4523 Clementis,
924 4458 1070 4535 igmosccre
1110 4458 1226 4534 quidem

178 4550 301 4618 excepto
334 4540 438 4599 Photio
475 4541 506 4597 in
544 4538 679 4598 Bibliotb.
722 4540 792 4610 viro,
820 4539 940 4596 aliarum
967 4540 1107 4597 virtutum
1134 4558 1226 4609 musa,

179 4622 250 4681 eod.
265 4622 360 4681 cxxvi,
392 4622 501 4681 Verum
514 4621 539 4679 si
552 4621 682 4679 emditus
722 4621 772 4678 sed
787 4620 902 4678 laudare
921 4620 1058 4698 ejusmodi
1076 4620 1226 4678 ratiocina-

178 4702 228 4763 ille
241 4704 367 4763 criticus
379 4703 549 4764 attendisset
562 4702 591 4760 id
605 4702 682 4779 quod
722 4702 830 4760 tionem
862 4722 918 4759 non
946 4721 1099 4779 possemus.
1135 4702 1224 4760 OLE-

179 4784 290 4845 soleunt
302 4784 394 4843 facere
412 4784 573 4861 Seripuires
588 4783 683 4841 Eeelc-
723 4783 854 4841 RICUS.

179 4866 296 4939 sisstici,
310 4866 424 4944 quando
440 4866 597 4943 loquuntur
610 4868 681 4922 διδα-
768 4883 811 4921 11.
834 4868 875 4920 καὶ
895 4864 998 4936 ἡμέρας]
1018 4864 1094 4941 Lege
1115 4866 1147 4921 δι’
1168 4866 1226 4936 ἦμέ-

180 4956 276 5021 ιτικόα,
289 4947 345 5007 hoc
365 4955 417 5019 est,
434 4948 509 5005 serio
529 4954 560 5006 et
579 4956 613 5005 ut
633 4946 683 5003 do·
723 4970 776 5020 pas.
800 4944 1006 5003 cenninus.

180 5037 263 5089 ceant
275 5050 283 5101 ς
317 5029 423 5107 quidve
454 5028 567 5100 faciant,
594 5047 684 5105 quum
769 5042 815 5100 17.
830 5023 957 5105 cadmea]
978 5026 1225 5087 larbanstus.

181 5110 338 5189 loquuntur
370 5118 485 5169 tentum
518 5112 684 5180 οἰκονομικῶς,
725 5108 806 5166 Libb.
844 5108 925 5185 impr.
954 5118 1021 5168 ante
1050 5108 1226 5179 Wottonnm,

181 5192 229 5273 (ut
247 5192 326 5270 loqui
346 5190 453 5269 solent)
472 5190 523 5250 ubi
545 5191 685 5250 rbctoricc
724 5195 831 5247 πάντων.

788 5305 841 5351 1³2
