3250 6617
511 1063 574 1127 AD
596 1062 887 1141 CORINTHIOS,
901 1063 976 1125 xvii.
1225 1065 1266 1131 79

220 1230 356 1335 magno
388 1234 552 1325 effeetus,
583 1264 659 1311 non
691 1248 749 1311 est
785 1235 939 1337 grandin
980 1235 1166 1334 loquutus
1200 1235 1265 1309 sed

219 1378 337 1451 quum
354 1380 402 1428 ex
417 1352 510 1429 rubo
532 1353 718 1429 oraculum
736 1353 916 1427 Divinum
941 1353 976 1425 ei
995 1353 1154 1439 daretrn,
1174 1351 1265 1442 Quis
1278 1362 1391 1441 moun

219 1496 304 1545 sum
320 1496 397 1569 eqo,
413 1470 519 1557 dixit,
537 1485 577 1545 ut
593 1497 651 1546 me
667 1470 822 1545 mittas?
846 1469 985 1568 qrocili
1000 1496 1083 1544 voce
1102 1481 1134 1543 et
1151 1468 1266 1543 tarda
1281 1443 1317 1490 ¹¹'
1337 1445 1362 1477 ¹⁷
1376 1444 1412 1479 '⁰'

221 1584 355 1684 linquo
394 1613 485 1662 mm.
547 1587 600 1662 Et
632 1614 759 1663 rursus
801 1586 901 1674 dicit,
936 1587 1017 1683 Eyo
1051 1612 1132 1660 sum
1173 1586 1265 1661 ollae

219 1728 350 1801 oopor.

220 1938 395 1997 quamquem
417 1920 511 1979 versio
537 1920 619 1979 LXX
645 1921 723 1980 eliud
763 1921 832 1979 beri.
863 1920 973 1979 FELL
1017 1921 1112 1979 Petite
1134 1922 1203 1980 haee
1222 1922 1267 1980 fu·

220 2000 358 2078 quiddam
378 2002 548 2079 profitentur
558 2024 568 2076 ;
607 2002 647 2060 ὅτι
666 2006 721 2079 ἐγα-
763 2002 819 2061 isse
846 2022 882 2060 ex
909 2002 1005 2079 aliquo
1032 2002 1106 2061 libro
1128 2004 1267 2062 Ecclesia·

220 2082 298 2153 'illm
317 2086 352 2141 ln
370 2084 450 2143 ίσκδα
469 2086 497 2141 ίν
517 2088 602 2158 πάχη)
639 2084 723 2157 unde,
764 2084 845 2155 stieo‚
866 2083 910 2142 vel
935 2083 1096 2142 indubitate
1112 2085 1268 2145 traditione

220 2162 288 2223 lieet
301 2162 376 2223 Mosi
392 2164 459 2242 jure
471 2166 560 2224 tribui
581 2185 639 2224 non
659 2186 724 2243 pos·
764 2166 801 2223 etl
822 2164 976 2242 Apostolos
998 2165 1121 2238 dimissa,
1141 2166 1216 2225 unde
1238 2175 1268 2227 et

219 2244 287 2317 sint,
309 2244 416 2303 Davidi
442 2246 578 2321 fortassis,
605 2247 641 2306 de
665 2267 723 2324 quo
764 2247 792 2305 S.
809 2246 914 2305 Paulus
939 2246 1054 2305 videtur
1076 2246 1201 2307 hausisse
1225 2252 1267 2305 ἔκ·

219 2326 320 2385 !latlm
333 2327 443 2387 mentio
455 2328 584 2401 habetur,
598 2328 723 2387 dolatili
763 2332 850 2402 φοβός
876 2331 926 2399 ripe
959 2333 1000 2385 καί
1031 2333 1158 2403 ἔντρομος,
1186 2330 1268 2388 facile

218 2406 415 2468 restituentur.
457 2409 725 2487 Remsen'opensi·
763 2408 885 2468 credam
941 2408 1000 2467 Vix
1027 2419 1124 2468 sutem
1151 2431 1267 2488 possum

218 2488 295 2549 tunti
315 2489 458 2549 dubitatio
475 2511 533 2550 non
549 2491 620 2550 levis
637 2492 723 2551 subo-
763 2490 834 2548 mihi
848 2491 1026 2567 persuadere,
1035 2491 1184 2550 librarium
1198 2493 1267 2552 haec

218 2569 302 2643 titur,
309 2570 406 2630 locum
416 2570 491 2631 hune
500 2573 608 2631 librarii
619 2573 724 2651 injuris
763 2572 800 2631 de
822 2572 886 2631 loeo
907 2592 959 2630 suo
983 2573 1113 2645 movisse,
1132 2582 1183 2634 eut
1204 2575 1268 2633 Cle·

218 2650 360 2727 luxstum,
380 2652 424 2712 its
443 2674 527 2731 posse
544 2655 663 2732 reponi:
692 2657 724 2711 'ri
762 2660 890 2713 mentem
899 2653 981 2712 Alex.
994 2654 1111 2713 eumits
1124 2665 1267 2715 errantem

218 2735 248 2789 δὲ
268 2734 378 2806 sisoim
396 2737 439 2793 ἐπὶ
458 2740 495 2813 τῷ
512 2742 723 2813 ρεραρτνρηρίνφ
761 2743 893 2795 secutum
919 2734 1013 2807 fuisse,
1037 2744 1088 2795 out
1115 2736 1209 2814 ipsum
1233 2759 1267 2797 eo

217 2816 390 2889 Δαβίδ,πρδα
409 2816 439 2871 δν
456 2814 555 2874 elucet
575 2823 647 2891 θεός,
663 2819 723 2875 ‘ni-
762 2817 849 2875 modo
876 2817 1029 2875 verborum
1056 2817 1185 2876 ordinem
1212 2819 1266 2877 im·

218 2898 378 2970 *ρανδνδρα
397 2901 460 2955 sorel
479 2900 525 2969 τὴν
542 2901 647 2973 καρδίαν
663 2924 722 2971 ραν,
763 2906 952 2970 mutassent,
969 2918 1041 2976 quse
1061 2899 1180 2958 Doridis
1200 2909 1268 2961 sunt

218 2980 326 3045 ’Δαβίδ
344 2982 390 3035 etv
408 2984 455 3036 τοῦ
473 2980 580 3045 Ἰεσσαί,
600 2984 627 3037 ἐν
645 2983 723 3059 ἐλαίῳ
763 2980 857 3057 Moysi
881 2980 1094 3049 tribuerentur;
1120 3002 1208 3058 quum
1233 3003 1268 3041 en

218 3060 439 3137 *αίανίαρίχρισα
452 3063 543 3119 αὐτόν]
583 3062 666 3118 'sliu
682 3066 722 3119 καὶ
762 3081 835 3138 quse
857 3062 933 3138 apud
957 3062 1028 3121 Psnl.
1055 3062 1121 3119 cxix
1146 3064 1182 3121 nb
1206 3064 1267 3123 He-

216 3142 295 3199 αίπδα
312 3142 384 3217 λίγα
402 3145 468 3216 πρὸς
487 3146 531 3199 τὸν
554 3148 626 3215 θεόν,
652 3147 722 3218 *ἐγὼ
761 3144 848 3202 broeo
861 3144 956 3202 Textu
970 3143 1118 3217 habentur,
1132 3144 1182 3202 vis
1199 3166 1265 3204 eon-

218 3224 272 3279 ίδι’
290 3224 342 3293 slya
363 3224 437 3295 ίτρία
456 3225 508 3281 α’πδ
530 3225 643 3300 χύτρας)
680 3228 723 3282 καί
762 3225 896 3283 oilientur
926 3245 991 3284 eum
1023 3224 1058 3283 iis
1085 3245 1157 3302 quoe
1191 3228 1267 3303 apud

218 3306 410 3379 *ια’λινλῆαι,
424 3307 623 3378 ’ίλίησόνραδ
641 3307 722 3372 ectr?
763 3306 940 3365 Clementem
974 3307 1102 3383 legimus.
1164 3307 1266 3385 Neque

215 3384 268 3443 loe.
323 3384 485 3445 Fatendum
517 3387 633 3465 quidem
670 3394 722 3459 est,
761 3387 855 3465 magis
881 3388 1033 3447 verisimile
1067 3397 1119 3460 est,
1151 3389 1267 3466 petiisse

216 3464 369 3543 periodum
380 3466 455 3526 hunc
468 3488 527 3527 non
543 3468 628 3527 aliter
647 3469 724 3546 apud
761 3468 831 3527 haee
853 3469 881 3527 S.
897 3470 1013 3528 Patrem
1033 3490 1069 3528 ex
1089 3478 1172 3529 textu
1190 3471 1265 3530 Heb.

216 3546 397 3607 Clementem
411 3548 495 3609 Alex
511 3569 596 3627 quum
613 3550 660 3609 hie
673 3550 722 3608 hs·
762 3550 885 3624 Hoseee,
912 3572 1001 3629 esque
1029 3552 1122 3627 Moysi
1145 3553 1267 3611 attribu-

215 3628 280 3687 beri
291 3648 301 3702 3
329 3630 380 3689 sed
403 3630 453 3709 qui
479 3632 643 3708 pespexerit
666 3651 723 3709 qus
761 3632 839 3705 isse3
860 3653 894 3691 eo
918 3634 994 3691 enim
1019 3632 1049 3690 in
1071 3633 1134 3691 loeo
1158 3634 1229 3691 nihil
1249 3656 1267 3693 s

215 3709 334 3769 licentis
359 3718 459 3771 utetur
485 3712 617 3772 Clemens
638 3711 720 3772 Alex
761 3712 903 3791 propheta
929 3714 965 3771 de
1002 3714 1103 3790 Moyse
1136 3714 1266 3788 habetur,

216 3790 325 3851 Strom.
340 3792 377 3851 iv.
396 3807 442 3868 17,
456 3793 487 3851 in
506 3793 649 3852 lsudsndo
668 3794 723 3853 hoo
762 3815 855 3871 neque
878 3794 950 3852 sdeo
973 3802 1085 3853 constet
1112 3815 1185 3869 eum,
1209 3798 1266 3856 Ro

216 3880 326 3948 nostro,
347 3874 484 3933 nimirum
507 3875 589 3953 quusi
612 3894 649 3934 ex
672 3895 723 3933 no
762 3895 864 3933 manus
877 3896 965 3952 quum
979 3876 1073 3948 luerit,
1087 3876 1188 3953 legisse
1204 3886 1266 3936 tex·

215 3954 305 4015 minis
323 3956 524 4035 prserogutive
540 3955 577 4015 de
595 3976 646 4015 suo
659 3957 722 4014 ubi·
762 3964 826 4015 tum
855 3957 930 4017 Heb.
959 3958 1029 4015 citet
1056 3957 1132 4015 enim
1161 3959 1266 4037 ubique

214 4056 273 4115 que
284 4038 478 4115 ageretsdeo
496 4038 580 4097 illum
593 4058 651 4095 non
663 4045 720 4097 tes-
760 4038 921 4097 versionem
935 4038 1016 4096 LXX
1033 4058 1105 4115 quae
1125 4039 1160 4097 nb
1182 4040 1266 4100 initio

214 4124 277 4179 tem
299 4118 441 4197 genuinae
462 4119 593 4179 lectionis
611 4119 720 4192 citabit,
760 4118 862 4179 hebuit
884 4123 998 4194 ἀκρίδων,
1020 4140 1077 4178 non
1101 4129 1198 4180 autem
1222 4125 1265 4179 δα-

214 4206 250 4259 ut
267 4208 419 4279 eonnptse
437 4201 534 4279 potius
554 4200 720 4259 insimulsn-
760 4202 849 4275 κρύων,
863 4201 940 4278 quod
961 4201 1048 4279 vrrlgo
1065 4202 1194 4275 habetur,
1215 4224 1266 4262 ne.

213 4280 286 4339 dum
312 4288 448 4341 eenseret
499 4281 647 4343 Adnotsre
677 4282 720 4340 in·
760 4302 816 4360 que
848 4286 1011 4356 καπνοδόχηα,
1039 4283 1115 4360 quod
1150 4284 1267 4362 irrepsit

213 4380 302 4441 npsr
320 4361 418 4423 lieebit
430 4382 515 4423 voees
531 4364 584 4424 hes
600 4363 720 4443 reperiri
760 4364 791 4421 in
813 4362 883 4423 Cori
904 4364 987 4423 Alex.
1007 4385 1043 4422 ex
1062 4364 1265 4439 Theodotione,

214 4442 290 4505 Hos.
314 4444 369 4503 xiii
392 4463 421 4519 3,
446 4444 515 4505 lieet
541 4446 618 4505 enim
644 4466 721 4504 nuno
760 4446 835 4504 sieut
854 4466 890 4504 ex
915 4446 1085 4522 Hieronymi
1103 4446 1263 4506 Comment

212 4525 355 4605 temporis
376 4526 387 4585 l
439 4532 497 4600 tur,
521 4530 556 4587 ὥς
577 4530 650 4600 ἀτμίς
669 4531 721 4585 α’πδ
760 4526 791 4584 in
804 4527 901 4586 locum
910 4528 1067 4587 constabit:
1084 4527 1266 4601 ‘Quaerimus

212 4546 519 4705 masnilium
531 4605 718 4687 exemplaris)
760 4616 879 4667 ‘sutem
892 4629 980 4685 quere
997 4608 1078 4665 LXX
1096 4630 1149 4686 pro
1160 4610 1266 4685 sumo·

212 4688 421 4769 &tanqum
433 4710 472 4749 ex
484 4710 554 4750 voce
568 4704 661 4752 nuta:
676 4698 719 4749 te·
761 4690 835 4762 ‘rio‚
850 4691 927 4767 quod
943 4690 1103 4749 Theodotio
1116 4691 1266 4751 transtulit

212 4788 279 4831 men
300 4769 482 4831 ll'lreodotion
504 4781 535 4832 et
553 4771 616 4830 Mu
633 4770 716 4830 Alere
760 4775 944 4844 ικαπνοδόκην,
972 4773 1095 4830 omno
1126 4772 1266 4850 interpre-

211 4854 420 4929 ίαωαδίχης,
435 4854 511 4913 een
524 4854 720 4930 Hieronymus
761 4852 839 4912 ‘tsti
871 4861 946 4911 sunt
1002 4851 1090 4930 Apud
1117 4853 1266 4914 Hebraeos

210 4932 379 5009 asenario
392 4934 561 4995 reddidere:
582 4941 660 4995 certe
672 4934 720 4994 hie
761 4935 892 4993 ‘leonto
915 4942 944 4994 et
962 4933 1136 5009 finnaoimn
1164 4935 1266 4996 iisdem

211 5014 391 5076 nullossnsn
411 5016 518 5095 legitur
535 5016 596 5076 sive
611 5018 720 5091 ἀκρίδων
760 5015 917 5075 ‘scribitur
944 5015 1044 5088 literis,
1066 5036 1119 5093 pro
1142 5037 1200 5094 quo
1223 5018 1264 5076 A·

209 5096 273 5157 sive
290 5098 425 5171 διαπρίσας
447 5097 645 5158 etverisimile
666 5117 718 5174 pro
760 5096 860 5174 ‘quile
887 5100 1050 5172 καταράηην,
1078 5097 1266 5176 Symmsehus

210 5178 308 5253 κίτραα
327 5178 439 5239 lrlrrnrii
458 5198 556 5240 errore
572 5198 650 5239 nuno
668 5178 719 5237 hs-
759 5182 768 5210 ⁴
772 5176 914 5253 sosarmo
958 5179 1139 5257 interpretati
1187 5189 1263 5240 sunt
