<?xml version="1.0" encoding="UTF-8"?>
<!DOCTYPE html PUBLIC "-//W3C//DTD XHTML 1.0 Transitional//EN"
    "http://www.w3.org/TR/xhtml1/DTD/xhtml1-transitional.dtd">
<html xmlns="http://www.w3.org/1999/xhtml" xml:lang="en" lang="en">
 <head>
  <title>
</title>
<meta http-equiv="Content-Type" content="text/html;charset=utf-8" />
  <meta name='ocr-system' content='tesseract 3.04.00' />
  <meta name='ocr-capabilities' content='ocr_page ocr_carea ocr_par ocr_line ocrx_word'/>
</head>
<body>
  <div class='ocr_page' id='page_1' title='image "./sclementisroman00polygoog_0145.png"; bbox 0 0 3250 6617; ppageno 0'>
   <div class='ocr_carea' id='block_1_1' title="bbox 541 1060 1292 1141">
    <p class='ocr_par' dir='ltr' id='par_1_1' title="bbox 541 1060 1292 1141">
     <span class='ocr_line' id='line_1_1' title="bbox 541 1060 1292 1141; baseline 0.019 -19"><span class='ocrx_word' id='word_1_1' title='bbox 541 1060 604 1122; x_wconf 80' lang='lat' dir='ltr'>AD</span> <span class='ocrx_word' id='word_1_2' title='bbox 628 1060 918 1141; x_wconf 78' lang='lat' dir='ltr'><strong>CORINTHIOS,</strong></span> <span class='ocrx_word' id='word_1_3' title='bbox 934 1065 997 1127; x_wconf 83' lang='lat' dir='ltr'>xiv.</span> <span class='ocrx_word' id='word_1_4' title='bbox 1250 1072 1292 1139; x_wconf 86' lang='grc'>59</span> 
     </span>
    </p>
   </div>
   <div class='ocr_carea' id='block_1_2' title="bbox 248 1226 1293 1340">
    <p class='ocr_par' dir='ltr' id='par_1_2' title="bbox 248 1226 1293 1340">
     <span class='ocr_line' id='line_1_2' title="bbox 248 1226 1293 1340; baseline 0.014 -39"><span class='ocrx_word' id='word_1_5' title='bbox 248 1226 443 1305; x_wconf 80' lang='lat' dir='ltr'>riconliem</span> <span class='ocrx_word' id='word_1_6' title='bbox 459 1240 499 1306; x_wconf 81' lang='lat' dir='ltr'>ct</span> <span class='ocrx_word' id='word_1_7' title='bbox 515 1231 742 1307; x_wconf 83' lang='lat' dir='ltr'>dulcedinem</span> <span class='ocrx_word' id='word_1_8' title='bbox 756 1234 941 1311; x_wconf 74' lang='lat' dir='ltr'>creatoris</span> <span class='ocrx_word' id='word_1_9' title='bbox 957 1239 1073 1313; x_wconf 85' lang='lat' dir='ltr'>nostri</span> <span class='ocrx_word' id='word_1_10' title='bbox 1088 1269 1097 1329; x_wconf 93' lang='lat'>;</span> <span class='ocrx_word' id='word_1_11' title='bbox 1116 1241 1293 1340; x_wconf 87' lang='lat' dir='ltr'>scriptum</span> 
     </span>
    </p>
   </div>
   <div class='ocr_carea' id='block_1_3' title="bbox 248 1345 1450 1572">
    <p class='ocr_par' dir='ltr' id='par_1_3' title="bbox 248 1345 1450 1572">
     <span class='ocr_line' id='line_1_3' title="bbox 248 1345 1450 1446; baseline 0.005 -27"><span class='ocrx_word' id='word_1_12' title='bbox 248 1345 349 1420; x_wconf 89' lang='lat' dir='ltr'>enim</span> <span class='ocrx_word' id='word_1_13' title='bbox 371 1357 440 1435; x_wconf 84' lang='lat' dir='ltr'>cst,</span> <span class='ocrx_word' id='word_1_14' title='bbox 456 1348 624 1446; x_wconf 73' lang='lat' dir='ltr'>Beaiyoi</span> <span class='ocrx_word' id='word_1_15' title='bbox 643 1350 784 1426; x_wconf 75' lang='lat' dir='ltr'><em>incolae</em></span> <span class='ocrx_word' id='word_1_16' title='bbox 805 1367 912 1426; x_wconf 80' lang='lat' dir='ltr'>oront</span> <span class='ocrx_word' id='word_1_17' title='bbox 934 1368 1066 1443; x_wconf 80' lang='lat' dir='ltr'>terroe,</span> <span class='ocrx_word' id='word_1_18' title='bbox 1085 1356 1292 1432; x_wconf 76' lang='lat' dir='ltr'>innocentes</span> <span class='ocrx_word' id='word_1_19' title='bbox 1306 1378 1379 1427; x_wconf 72' lang='lat' dir='ltr'>mov.</span> <span class='ocrx_word' id='word_1_20' title='bbox 1393 1378 1410 1426; x_wconf 77' lang='lat' dir='ltr'>n</span> <span class='ocrx_word' id='word_1_21' title='bbox 1422 1391 1450 1427; x_wconf 66' lang='grc' dir='ltr'>,ι</span> 
     </span>
     <span class='ocr_line' id='line_1_4' title="bbox 249 1444 1448 1572; baseline 0.011 -35"><span class='ocrx_word' id='word_1_22' title='bbox 249 1463 507 1563; x_wconf 79' lang='lat' dir='ltr'>relinquent-or</span> <span class='ocrx_word' id='word_1_23' title='bbox 529 1465 570 1539; x_wconf 81' lang='lat' dir='ltr'>ia</span> <span class='ocrx_word' id='word_1_24' title='bbox 591 1494 659 1552; x_wconf 86' lang='lat' dir='ltr'>eo,·</span> <span class='ocrx_word' id='word_1_25' title='bbox 685 1468 776 1565; x_wconf 73' lang='lat' dir='ltr'>lepis</span> <span class='ocrx_word' id='word_1_26' title='bbox 798 1496 884 1543; x_wconf 86' lang='lat' dir='ltr'>oero</span> <span class='ocrx_word' id='word_1_27' title='bbox 907 1471 1102 1547; x_wconf 75' lang='lat' dir='ltr'>violatores</span> <span class='ocrx_word' id='word_1_28' title='bbox 1129 1474 1290 1572; x_wconf 75' lang='lat' dir='ltr'>disperi—</span> <span class='ocrx_word' id='word_1_29' title='bbox 1304 1444 1448 1558; x_wconf 37' lang='lat' dir='ltr'>{fxiiii</span> 
     </span>
    </p>
   </div>
   <div class='ocr_carea' id='block_1_4' title="bbox 250 1580 1442 1690">
    <p class='ocr_par' dir='ltr' id='par_1_4' title="bbox 250 1580 1442 1690">
     <span class='ocr_line' id='line_1_5' title="bbox 250 1580 1442 1690; baseline 0.014 -36"><span class='ocrx_word' id='word_1_30' title='bbox 250 1580 338 1655; x_wconf 83' lang='lat' dir='ltr'>boot</span> <span class='ocrx_word' id='word_1_31' title='bbox 357 1582 404 1656; x_wconf 85' lang='lat' dir='ltr'>ob</span> <span class='ocrx_word' id='word_1_32' title='bbox 422 1609 475 1657; x_wconf 86' lang='lat' dir='ltr'>co.</span> <span class='ocrx_word' id='word_1_33' title='bbox 511 1582 563 1656; x_wconf 84' lang='lat' dir='ltr'>Et</span> <span class='ocrx_word' id='word_1_34' title='bbox 572 1610 699 1657; x_wconf 87' lang='lat' dir='ltr'>rursus</span> <span class='ocrx_word' id='word_1_35' title='bbox 712 1584 818 1661; x_wconf 86' lang='lat' dir='ltr'>dicit:</span> <span class='ocrx_word' id='word_1_36' title='bbox 841 1586 932 1660; x_wconf 79' lang='lat' dir='ltr'>Vidi</span> <span class='ocrx_word' id='word_1_37' title='bbox 946 1587 1106 1686; x_wconf 76' lang='lat' dir='ltr'>inopi-roa</span> <span class='ocrx_word' id='word_1_38' title='bbox 1119 1617 1291 1689; x_wconf 76' lang='lat' dir='ltr'>supereo·</span> <span class='ocrx_word' id='word_1_39' title='bbox 1305 1590 1442 1690; x_wconf 48' lang='lat' dir='ltr'>dmm,</span> 
     </span>
    </p>
   </div>
   <div class='ocr_carea' id='block_1_5' title="bbox 248 1695 1411 2031">
    <p class='ocr_par' dir='ltr' id='par_1_5' title="bbox 248 1695 1411 2031">
     <span class='ocr_line' id='line_1_6' title="bbox 249 1695 1411 1783; baseline 0.013 -14"><span class='ocrx_word' id='word_1_40' title='bbox 249 1695 418 1782; x_wconf 77' lang='lat' dir='ltr'>altor-om,</span> <span class='ocrx_word' id='word_1_41' title='bbox 432 1708 464 1769; x_wconf 86' lang='lat' dir='ltr'>et</span> <span class='ocrx_word' id='word_1_42' title='bbox 482 1696 659 1771; x_wconf 68' lang='lat' dir='ltr'>cleosa-um</span> <span class='ocrx_word' id='word_1_43' title='bbox 674 1698 768 1772; x_wconf 79' lang='lat' dir='ltr'>sicot</span> <span class='ocrx_word' id='word_1_44' title='bbox 787 1700 917 1777; x_wconf 78' lang='lat' dir='ltr'><strong><em>cedros</em></strong></span> <span class='ocrx_word' id='word_1_45' title='bbox 934 1704 1076 1778; x_wconf 80' lang='lat' dir='ltr'>Liboni</span> <span class='ocrx_word' id='word_1_46' title='bbox 1085 1738 1097 1781; x_wconf 78' lang='lat'>.-</span> <span class='ocrx_word' id='word_1_47' title='bbox 1122 1721 1154 1780; x_wconf 83' lang='lat' dir='ltr'>et</span> <span class='ocrx_word' id='word_1_48' title='bbox 1172 1721 1292 1783; x_wconf 82' lang='lat' dir='ltr'>treoc-</span> <span class='ocrx_word' id='word_1_49' title='bbox 1307 1720 1411 1769; x_wconf 74' lang='lat'>35-37·</span> 
     </span>
     <span class='ocr_line' id='line_1_7' title="bbox 250 1810 1293 1915; baseline 0.013 -30"><span class='ocrx_word' id='word_1_50' title='bbox 250 1810 315 1900; x_wconf 66' lang='grc' dir='ltr'>τάπ’,</span> <span class='ocrx_word' id='word_1_51' title='bbox 343 1825 375 1887; x_wconf 85' lang='lat' dir='ltr'>et</span> <span class='ocrx_word' id='word_1_52' title='bbox 401 1840 480 1887; x_wconf 87' lang='lat' dir='ltr'>ecee</span> <span class='ocrx_word' id='word_1_53' title='bbox 504 1840 578 1887; x_wconf 72' lang='lat' dir='ltr'>otoo</span> <span class='ocrx_word' id='word_1_54' title='bbox 605 1830 694 1903; x_wconf 68' lang='lat' dir='ltr'>crat</span> <span class='ocrx_word' id='word_1_55' title='bbox 717 1830 748 1890; x_wconf 80' lang='lat' dir='ltr'>et</span> <span class='ocrx_word' id='word_1_56' title='bbox 775 1819 944 1915; x_wconf 80' lang='lat' dir='ltr'>qooesz&#39;oi</span> <span class='ocrx_word' id='word_1_57' title='bbox 969 1848 1061 1907; x_wconf 61' lang='lat' dir='ltr'>(iecra,</span> <span class='ocrx_word' id='word_1_58' title='bbox 1087 1837 1119 1896; x_wconf 84' lang='lat' dir='ltr'>et</span> <span class='ocrx_word' id='word_1_59' title='bbox 1144 1850 1218 1897; x_wconf 79' lang='lat' dir='ltr'>ooo</span> <span class='ocrx_word' id='word_1_60' title='bbox 1244 1838 1293 1899; x_wconf 83' lang='lat' dir='ltr'>ost</span> 
     </span>
     <span class='ocr_line' id='line_1_8' title="bbox 248 1929 1293 2031; baseline 0.011 -27"><span class='ocrx_word' id='word_1_61' title='bbox 248 1929 418 2005; x_wconf 76' lang='lat' dir='ltr'>iacentes</span> <span class='ocrx_word' id='word_1_62' title='bbox 439 1932 538 2006; x_wconf 74' lang='lat' dir='ltr'>locos</span> <span class='ocrx_word' id='word_1_63' title='bbox 560 1933 644 2031; x_wconf 61' lang='lat' dir='ltr'>(prro.</span> <span class='ocrx_word' id='word_1_64' title='bbox 698 1934 854 2009; x_wconf 73' lang='lat' dir='ltr'>Custodi</span> <span class='ocrx_word' id='word_1_65' title='bbox 871 1938 1132 2027; x_wconf 54' lang='lat' dir='ltr'>‘innocentiam</span> <span class='ocrx_word' id='word_1_66' title='bbox 1151 1955 1183 2014; x_wconf 85' lang='lat' dir='ltr'>et</span> <span class='ocrx_word' id='word_1_67' title='bbox 1208 1941 1293 2017; x_wconf 78' lang='lat' dir='ltr'>vido</span> 
     </span>
    </p>
   </div>
   <div class='ocr_carea' id='block_1_6' title="bbox 241 2218 1293 5229">
    <p class='ocr_par' dir='ltr' id='par_1_6' title="bbox 241 2218 1293 5229">
     <span class='ocr_line' id='line_1_9' title="bbox 247 2218 1290 2299; baseline 0.006 -23"><span class='ocrx_word' id='word_1_68' title='bbox 247 2218 279 2276; x_wconf 89' lang='lat' dir='ltr'>in</span> <span class='ocrx_word' id='word_1_69' title='bbox 302 2218 502 2296; x_wconf 77' lang='lat' dir='ltr'>Xenophontio</span> <span class='ocrx_word' id='word_1_70' title='bbox 522 2218 703 2290; x_wconf 76' lang='lat' dir='ltr'>Conuiuium,</span> <span class='ocrx_word' id='word_1_71' title='bbox 720 2239 748 2295; x_wconf 93' lang='lat' dir='ltr'>p.</span> <span class='ocrx_word' id='word_1_72' title='bbox 791 2219 898 2295; x_wconf 78' lang='lat' dir='ltr'>legitur</span> <span class='ocrx_word' id='word_1_73' title='bbox 924 2218 993 2278; x_wconf 90' lang='lat' dir='ltr'>haec</span> <span class='ocrx_word' id='word_1_74' title='bbox 1020 2220 1112 2278; x_wconf 87' lang='lat' dir='ltr'>forma</span> <span class='ocrx_word' id='word_1_75' title='bbox 1138 2222 1290 2299; x_wconf 81' lang='lat' dir='ltr'>antiquior.</span> 
     </span>
     <span class='ocr_line' id='line_1_10' title="bbox 251 2299 1291 2374; baseline 0.005 -17"><span class='ocrx_word' id='word_1_76' title='bbox 251 2303 315 2374; x_wconf 83' lang='lat'><strong>156.</strong></span> <span class='ocrx_word' id='word_1_77' title='bbox 792 2299 905 2359; x_wconf 79' lang='lat' dir='ltr'>caeteri</span> <span class='ocrx_word' id='word_1_78' title='bbox 919 2302 1043 2360; x_wconf 82' lang='lat' dir='ltr'>editores</span> <span class='ocrx_word' id='word_1_79' title='bbox 1059 2322 1124 2360; x_wconf 91' lang='lat' dir='ltr'>cum</span> <span class='ocrx_word' id='word_1_80' title='bbox 1138 2303 1157 2361; x_wconf 87' lang='lat' dir='ltr'><strong>J</strong></span> <span class='ocrx_word' id='word_1_81' title='bbox 1160 2305 1227 2362; x_wconf 91' lang='lat' dir='ltr'>unio</span> <span class='ocrx_word' id='word_1_82' title='bbox 1241 2304 1291 2363; x_wconf 81' lang='lat' dir='ltr'>lia·</span> 
     </span>
     <span class='ocr_line' id='line_1_11' title="bbox 292 2378 1291 2462; baseline 0.005 -23"><span class='ocrx_word' id='word_1_83' title='bbox 292 2400 316 2440; x_wconf 85' lang='lat'>1.</span> <span class='ocrx_word' id='word_1_84' title='bbox 331 2388 373 2439; x_wconf 73' lang='lat' dir='ltr'>eal</span> <span class='ocrx_word' id='word_1_85' title='bbox 387 2378 542 2461; x_wconf 77' lang='grc' dir='ltr'>γλυκύτητα]</span> <span class='ocrx_word' id='word_1_86' title='bbox 570 2382 606 2439; x_wconf 80' lang='grc' dir='ltr'>ΙΙΙ</span> <span class='ocrx_word' id='word_1_87' title='bbox 620 2381 749 2439; x_wconf 79' lang='lat' dir='ltr'>Wottonl</span> <span class='ocrx_word' id='word_1_88' title='bbox 790 2382 861 2442; x_wconf 72' lang='lat' dir='ltr'>beni</span> <span class='ocrx_word' id='word_1_89' title='bbox 903 2385 1167 2457; x_wconf 71' lang='grc' dir='ltr'>ε’ξολοθρευθὴσονται,</span> <span class='ocrx_word' id='word_1_90' title='bbox 1205 2406 1291 2462; x_wconf 78' lang='lat' dir='ltr'>quum</span> 
     </span>
     <span class='ocr_line' id='line_1_12' title="bbox 247 2462 1293 2539; baseline 0.002 -16"><span class='ocrx_word' id='word_1_91' title='bbox 247 2463 411 2523; x_wconf 81' lang='lat' dir='ltr'>recensione</span> <span class='ocrx_word' id='word_1_92' title='bbox 428 2464 498 2522; x_wconf 84' lang='lat' dir='ltr'>Cod.</span> <span class='ocrx_word' id='word_1_93' title='bbox 515 2463 577 2521; x_wconf 80' lang='lat' dir='ltr'>MS.</span> <span class='ocrx_word' id='word_1_94' title='bbox 593 2483 650 2520; x_wconf 93' lang='lat' dir='ltr'>uon</span> <span class='ocrx_word' id='word_1_95' title='bbox 671 2462 751 2520; x_wconf 82' lang='lat' dir='ltr'>exhi·</span> <span class='ocrx_word' id='word_1_96' title='bbox 790 2463 907 2539; x_wconf 89' lang='lat' dir='ltr'>quidem</span> <span class='ocrx_word' id='word_1_97' title='bbox 928 2465 1048 2522; x_wconf 82' lang='lat' dir='ltr'>ferinam</span> <span class='ocrx_word' id='word_1_98' title='bbox 1067 2465 1293 2525; x_wconf 76' lang='lat' dir='ltr'>Alexandrinam</span> 
     </span>
     <span class='ocr_line' id='line_1_13' title="bbox 247 2544 1292 2623; baseline 0.003 -20"><span class='ocrx_word' id='word_1_99' title='bbox 247 2544 297 2603; x_wconf 83' lang='lat' dir='ltr'>bet</span> <span class='ocrx_word' id='word_1_100' title='bbox 310 2547 358 2603; x_wconf 78' lang='grc' dir='ltr'>καί.</span> <span class='ocrx_word' id='word_1_101' title='bbox 790 2545 835 2603; x_wconf 90' lang='lat' dir='ltr'>vel</span> <span class='ocrx_word' id='word_1_102' title='bbox 854 2545 1066 2603; x_wconf 80' lang='lat' dir='ltr'>Macedonicam</span> <span class='ocrx_word' id='word_1_103' title='bbox 1088 2547 1192 2623; x_wconf 77' lang='lat' dir='ltr'>pamim</span> <span class='ocrx_word' id='word_1_104' title='bbox 1214 2550 1292 2606; x_wconf 88' lang='lat' dir='ltr'>exhi-</span> 
     </span>
     <span class='ocr_line' id='line_1_14' title="bbox 289 2625 1292 2701; baseline 0.005 -19"><span class='ocrx_word' id='word_1_105' title='bbox 289 2644 315 2701; x_wconf 82' lang='grc'>3.</span> <span class='ocrx_word' id='word_1_106' title='bbox 345 2630 460 2699; x_wconf 78' lang='grc' dir='ltr'>Χρηοτοὶ</span> <span class='ocrx_word' id='word_1_107' title='bbox 489 2629 591 2683; x_wconf 76' lang='grc' dir='ltr'>ἔσονται</span> <span class='ocrx_word' id='word_1_108' title='bbox 624 2626 750 2698; x_wconf 71' lang='grc' dir='ltr'>οὶκίπορες</span> <span class='ocrx_word' id='word_1_109' title='bbox 790 2625 840 2684; x_wconf 86' lang='lat' dir='ltr'>bct</span> <span class='ocrx_word' id='word_1_110' title='bbox 868 2627 966 2685; x_wconf 83' lang='lat' dir='ltr'>Codex</span> <span class='ocrx_word' id='word_1_111' title='bbox 995 2628 1157 2686; x_wconf 77' lang='lat' dir='ltr'>Vaticanus.</span> <span class='ocrx_word' id='word_1_112' title='bbox 1207 2629 1292 2688; x_wconf 92' lang='lat' dir='ltr'>Plura</span> 
     </span>
     <span class='ocr_line' id='line_1_15' title="bbox 247 2703 1291 2787; baseline 0.005 -22"><span class='ocrx_word' id='word_1_113' title='bbox 247 2732 269 2765; x_wconf 77' lang='grc' dir='ltr'>τι</span> <span class='ocrx_word' id='word_1_114' title='bbox 284 2732 309 2764; x_wconf 80' lang='grc' dir='ltr'>τ.</span> <span class='ocrx_word' id='word_1_115' title='bbox 323 2703 363 2787; x_wconf 83' lang='grc' dir='ltr'>λ.]</span> <span class='ocrx_word' id='word_1_116' title='bbox 397 2707 434 2765; x_wconf 90' lang='lat' dir='ltr'>In</span> <span class='ocrx_word' id='word_1_117' title='bbox 462 2707 546 2765; x_wconf 79' lang='lat' dir='ltr'>MSS.</span> <span class='ocrx_word' id='word_1_118' title='bbox 572 2707 630 2765; x_wconf 80' lang='lat' dir='ltr'>scre</span> <span class='ocrx_word' id='word_1_119' title='bbox 656 2706 748 2764; x_wconf 81' lang='lat' dir='ltr'>oinni-</span> <span class='ocrx_word' id='word_1_120' title='bbox 790 2708 899 2767; x_wconf 84' lang='lat' dir='ltr'>dabunt</span> <span class='ocrx_word' id='word_1_121' title='bbox 927 2709 1070 2781; x_wconf 73' lang='lat' dir='ltr'>Kuinoel,</span> <span class='ocrx_word' id='word_1_122' title='bbox 1098 2718 1128 2768; x_wconf 86' lang='lat' dir='ltr'>et</span> <span class='ocrx_word' id='word_1_123' title='bbox 1153 2710 1291 2770; x_wconf 84' lang='lat' dir='ltr'>Krebsius</span> 
     </span>
     <span class='ocr_line' id='line_1_16' title="bbox 246 2787 1126 2867; baseline 0 -20"><span class='ocrx_word' id='word_1_124' title='bbox 246 2788 309 2862; x_wconf 80' lang='lat' dir='ltr'>bue,</span> <span class='ocrx_word' id='word_1_125' title='bbox 323 2808 376 2847; x_wconf 90' lang='lat' dir='ltr'>nec</span> <span class='ocrx_word' id='word_1_126' title='bbox 396 2808 455 2847; x_wconf 89' lang='lat' dir='ltr'>nou</span> <span class='ocrx_word' id='word_1_127' title='bbox 469 2788 650 2848; x_wconf 88' lang='lat' dir='ltr'>Editionibus</span> <span class='ocrx_word' id='word_1_128' title='bbox 664 2789 747 2846; x_wconf 78' lang='lat' dir='ltr'>Rom,</span> <span class='ocrx_word' id='word_1_129' title='bbox 789 2787 820 2845; x_wconf 92' lang='lat' dir='ltr'>in</span> <span class='ocrx_word' id='word_1_130' title='bbox 835 2788 899 2848; x_wconf 86' lang='lat' dir='ltr'>Act.</span> <span class='ocrx_word' id='word_1_131' title='bbox 916 2790 1015 2867; x_wconf 77' lang='lat' dir='ltr'>Apost.</span> <span class='ocrx_word' id='word_1_132' title='bbox 1033 2791 1063 2847; x_wconf 90' lang='lat' dir='ltr'>iii</span> <span class='ocrx_word' id='word_1_133' title='bbox 1081 2810 1095 2846; x_wconf 82' lang='lat'>2</span> <span class='ocrx_word' id='word_1_134' title='bbox 1100 2812 1126 2865; x_wconf 86' lang='lat'>3.</span> 
     </span>
     <span class='ocr_line' id='line_1_17' title="bbox 246 2868 1292 2951; baseline 0.003 -22"><span class='ocrx_word' id='word_1_135' title='bbox 246 2870 337 2929; x_wconf 88' lang='lat' dir='ltr'>Lond.</span> <span class='ocrx_word' id='word_1_136' title='bbox 373 2870 457 2929; x_wconf 67' lang='lat' dir='ltr'>Ceut,</span> <span class='ocrx_word' id='word_1_137' title='bbox 485 2880 516 2929; x_wconf 87' lang='lat' dir='ltr'>et</span> <span class='ocrx_word' id='word_1_138' title='bbox 543 2870 747 2946; x_wconf 76' lang='lat' dir='ltr'>Francquerae,</span> <span class='ocrx_word' id='word_1_139' title='bbox 831 2872 856 2928; x_wconf 94' lang='lat'>6.</span> <span class='ocrx_word' id='word_1_140' title='bbox 874 2870 949 2928; x_wconf 82' lang='grc' dir='ltr'>Εἶδον</span> <span class='ocrx_word' id='word_1_141' title='bbox 961 2868 1055 2951; x_wconf 72' lang='grc' dir='ltr'>ἀσεβῆ]</span> <span class='ocrx_word' id='word_1_142' title='bbox 1078 2872 1124 2929; x_wconf 89' lang='lat' dir='ltr'>lta</span> <span class='ocrx_word' id='word_1_143' title='bbox 1139 2872 1210 2930; x_wconf 87' lang='lat' dir='ltr'>Edd.</span> <span class='ocrx_word' id='word_1_144' title='bbox 1227 2882 1292 2950; x_wconf 87' lang='lat' dir='ltr'>post</span> 
     </span>
     <span class='ocr_line' id='line_1_18' title="bbox 245 2951 1292 3031; baseline 0.004 -22"><span class='ocrx_word' id='word_1_145' title='bbox 245 2951 369 3029; x_wconf 82' lang='lat' dir='ltr'>legimus</span> <span class='ocrx_word' id='word_1_146' title='bbox 391 2952 484 3010; x_wconf 81' lang='lat' dir='ltr'>solum</span> <span class='ocrx_word' id='word_1_147' title='bbox 496 2954 556 3008; x_wconf 74' lang='lat' dir='ltr'>&#39;On</span> <span class='ocrx_word' id='word_1_148' title='bbox 576 2953 655 3010; x_wconf 71' lang='grc' dir='ltr'>ὠθεῖς</span> <span class='ocrx_word' id='word_1_149' title='bbox 675 2976 748 3006; x_wconf 72' lang='lat' dir='ltr'>earo·</span> <span class='ocrx_word' id='word_1_150' title='bbox 790 2951 871 3009; x_wconf 82' lang='lat' dir='ltr'>LXX</span> <span class='ocrx_word' id='word_1_151' title='bbox 892 2962 921 3011; x_wconf 87' lang='lat' dir='ltr'>ct</span> <span class='ocrx_word' id='word_1_152' title='bbox 942 2953 1031 3010; x_wconf 63' lang='lat' dir='ltr'>(ilem.</span> <span class='ocrx_word' id='word_1_153' title='bbox 1050 2952 1131 3011; x_wconf 81' lang='lat' dir='ltr'>Alex.</span> <span class='ocrx_word' id='word_1_154' title='bbox 1153 2954 1201 3031; x_wconf 91' lang='lat' dir='ltr'>qui</span> <span class='ocrx_word' id='word_1_155' title='bbox 1223 2954 1292 3014; x_wconf 85' lang='lat' dir='ltr'>hoec</span> 
     </span>
     <span class='ocr_line' id='line_1_19' title="bbox 245 3034 1291 3111; baseline 0.006 -22"><span class='ocrx_word' id='word_1_156' title='bbox 245 3040 410 3105; x_wconf 69' lang='grc' dir='ltr'>ουρνώσουσι</span> <span class='ocrx_word' id='word_1_157' title='bbox 430 3039 484 3108; x_wconf 74' lang='grc' dir='ltr'>γῆν,</span> <span class='ocrx_word' id='word_1_158' title='bbox 499 3038 539 3089; x_wconf 80' lang='grc' dir='ltr'>καὶ</span> <span class='ocrx_word' id='word_1_159' title='bbox 559 3035 627 3089; x_wconf 85' lang='grc' dir='ltr'>ὅσιοι</span> <span class='ocrx_word' id='word_1_160' title='bbox 647 3035 748 3089; x_wconf 78' lang='grc' dir='ltr'>ὑπολει-</span> <span class='ocrx_word' id='word_1_161' title='bbox 789 3043 819 3092; x_wconf 87' lang='lat' dir='ltr'>ct</span> <span class='ocrx_word' id='word_1_162' title='bbox 847 3034 1001 3111; x_wconf 81' lang='lat' dir='ltr'>sequentia,</span> <span class='ocrx_word' id='word_1_163' title='bbox 1032 3036 1130 3111; x_wconf 81' lang='lat' dir='ltr'>paucis</span> <span class='ocrx_word' id='word_1_164' title='bbox 1163 3038 1291 3109; x_wconf 84' lang='lat' dir='ltr'>mutatis,</span> 
     </span>
     <span class='ocr_line' id='line_1_20' title="bbox 245 3116 1293 3192; baseline 0.004 -21"><span class='ocrx_word' id='word_1_165' title='bbox 245 3116 391 3187; x_wconf 72' lang='grc' dir='ltr'>φθήσονται</span> <span class='ocrx_word' id='word_1_166' title='bbox 404 3118 432 3170; x_wconf 71' lang='grc' dir='ltr'>ἓν</span> <span class='ocrx_word' id='word_1_167' title='bbox 445 3118 517 3185; x_wconf 73' lang='grc' dir='ltr'>αὐτῇ</span> <span class='ocrx_word' id='word_1_168' title='bbox 539 3118 593 3171; x_wconf 77' lang='grc' dir='ltr'>ὁδοὶ</span> <span class='ocrx_word' id='word_1_169' title='bbox 607 3118 635 3169; x_wconf 78' lang='grc' dir='ltr'>δὲ</span> <span class='ocrx_word' id='word_1_170' title='bbox 649 3138 670 3171; x_wconf 85' lang='grc' dir='ltr'>κ.</span> <span class='ocrx_word' id='word_1_171' title='bbox 686 3138 707 3170; x_wconf 87' lang='grc' dir='ltr'>τ.</span> <span class='ocrx_word' id='word_1_172' title='bbox 720 3118 746 3171; x_wconf 87' lang='grc' dir='ltr'>λ,</span> <span class='ocrx_word' id='word_1_173' title='bbox 789 3116 892 3174; x_wconf 75' lang='lat' dir='ltr'>recitat</span> <span class='ocrx_word' id='word_1_174' title='bbox 906 3135 994 3192; x_wconf 73' lang='lat' dir='ltr'>usquc</span> <span class='ocrx_word' id='word_1_175' title='bbox 1008 3118 1044 3173; x_wconf 84' lang='lat' dir='ltr'>ud</span> <span class='ocrx_word' id='word_1_176' title='bbox 1058 3120 1103 3172; x_wconf 82' lang='grc' dir='ltr'>οὐκ</span> <span class='ocrx_word' id='word_1_177' title='bbox 1124 3120 1293 3189; x_wconf 73' lang='grc' dir='ltr'>ἐπαιρομένων</span> 
     </span>
     <span class='ocr_line' id='line_1_21' title="bbox 244 3195 1289 3274; baseline 0.002 -19"><span class='ocrx_word' id='word_1_178' title='bbox 244 3204 276 3255; x_wconf 81' lang='lat' dir='ltr'>et</span> <span class='ocrx_word' id='word_1_179' title='bbox 297 3196 328 3255; x_wconf 89' lang='lat' dir='ltr'>in</span> <span class='ocrx_word' id='word_1_180' title='bbox 351 3196 437 3255; x_wconf 76' lang='lat' dir='ltr'>MSS.</span> <span class='ocrx_word' id='word_1_181' title='bbox 460 3195 639 3273; x_wconf 82' lang='lat' dir='ltr'>quibusdum,</span> <span class='ocrx_word' id='word_1_182' title='bbox 660 3204 693 3252; x_wconf 85' lang='lat' dir='ltr'>ut</span> <span class='ocrx_word' id='word_1_183' title='bbox 718 3196 747 3252; x_wconf 90' lang='lat' dir='ltr'>in</span> <span class='ocrx_word' id='word_1_184' title='bbox 789 3199 832 3253; x_wconf 81' lang='grc' dir='ltr'>ἐπὶ</span> <span class='ocrx_word' id='word_1_185' title='bbox 844 3202 873 3253; x_wconf 82' lang='grc' dir='ltr'>τὸ</span> <span class='ocrx_word' id='word_1_186' title='bbox 886 3202 1001 3266; x_wconf 78' lang='grc' dir='ltr'>ποίμνιον</span> <span class='ocrx_word' id='word_1_187' title='bbox 1014 3202 1100 3254; x_wconf 81' lang='grc' dir='ltr'>αὐτοῦ.</span> <span class='ocrx_word' id='word_1_188' title='bbox 1134 3198 1194 3256; x_wconf 88' lang='lat' dir='ltr'>init.</span> <span class='ocrx_word' id='word_1_189' title='bbox 1213 3199 1227 3274; x_wconf 63' lang='grc' dir='ltr'><strong>ξ</strong></span> <span class='ocrx_word' id='word_1_190' title='bbox 1248 3202 1289 3257; x_wconf 91' lang='lat'>16.</span> 
     </span>
     <span class='ocr_line' id='line_1_22' title="bbox 244 3276 1289 3355; baseline 0.003 -20"><span class='ocrx_word' id='word_1_191' title='bbox 244 3276 450 3349; x_wconf 83' lang='lat' dir='ltr'>Alexandrino,</span> <span class='ocrx_word' id='word_1_192' title='bbox 472 3298 524 3335; x_wconf 90' lang='lat' dir='ltr'>nec</span> <span class='ocrx_word' id='word_1_193' title='bbox 546 3297 604 3334; x_wconf 92' lang='lat' dir='ltr'>non</span> <span class='ocrx_word' id='word_1_194' title='bbox 627 3276 656 3333; x_wconf 90' lang='lat' dir='ltr'>in</span> <span class='ocrx_word' id='word_1_195' title='bbox 679 3277 748 3333; x_wconf 80' lang='lat' dir='ltr'>Edi-</span> <span class='ocrx_word' id='word_1_196' title='bbox 788 3277 853 3335; x_wconf 81' lang='lat' dir='ltr'>Vid.</span> <span class='ocrx_word' id='word_1_197' title='bbox 879 3280 984 3335; x_wconf 76' lang='lat' dir='ltr'>Strom.</span> <span class='ocrx_word' id='word_1_198' title='bbox 1011 3279 1040 3335; x_wconf 91' lang='lat' dir='ltr'>iv</span> <span class='ocrx_word' id='word_1_199' title='bbox 1062 3296 1087 3351; x_wconf 82' lang='lat'>5,</span> <span class='ocrx_word' id='word_1_200' title='bbox 1114 3300 1140 3355; x_wconf 90' lang='lat' dir='ltr'>p.</span> <span class='ocrx_word' id='word_1_201' title='bbox 1166 3295 1222 3353; x_wconf 84' lang='lat'>577</span> <span class='ocrx_word' id='word_1_202' title='bbox 1247 3282 1289 3338; x_wconf 90' lang='lat' dir='ltr'>ed.</span> 
     </span>
     <span class='ocr_line' id='line_1_23' title="bbox 244 3358 1291 3436; baseline 0.003 -19"><span class='ocrx_word' id='word_1_203' title='bbox 244 3358 373 3418; x_wconf 79' lang='lat' dir='ltr'><strong>tionibus</strong></span> <span class='ocrx_word' id='word_1_204' title='bbox 386 3359 583 3436; x_wconf 81' lang='lat' dir='ltr'>Complutensi</span> <span class='ocrx_word' id='word_1_205' title='bbox 598 3365 627 3417; x_wconf 84' lang='lat' dir='ltr'>et</span> <span class='ocrx_word' id='word_1_206' title='bbox 641 3378 749 3435; x_wconf 86' lang='lat' dir='ltr'>nupera</span> <span class='ocrx_word' id='word_1_207' title='bbox 790 3359 896 3417; x_wconf 87' lang='lat' dir='ltr'>Pott-cr.</span> <span class='ocrx_word' id='word_1_208' title='bbox 940 3359 1039 3417; x_wconf 78' lang='lat' dir='ltr'>Codex</span> <span class='ocrx_word' id='word_1_209' title='bbox 1070 3360 1170 3419; x_wconf 79' lang='lat' dir='ltr'>MStus</span> <span class='ocrx_word' id='word_1_210' title='bbox 1205 3361 1291 3421; x_wconf 82' lang='lat' dir='ltr'>habet</span> 
     </span>
     <span class='ocr_line' id='line_1_24' title="bbox 247 3439 1291 3513; baseline 0.003 -15"><span class='ocrx_word' id='word_1_211' title='bbox 247 3439 413 3513; x_wconf 83' lang='lat' dir='ltr'>Oxonienei,</span> <span class='ocrx_word' id='word_1_212' title='bbox 447 3460 518 3498; x_wconf 80' lang='lat' dir='ltr'>vers.</span> <span class='ocrx_word' id='word_1_213' title='bbox 555 3460 601 3511; x_wconf 88' lang='lat'>21,</span> <span class='ocrx_word' id='word_1_214' title='bbox 635 3446 748 3513; x_wconf 71' lang='grc' dir='ltr'>Χροοτοὶ</span> <span class='ocrx_word' id='word_1_215' title='bbox 789 3451 1015 3505; x_wconf 74' lang='grc' dir='ltr'>ΙΔΟΝΛΣΕΒΗΝ,</span> <span class='ocrx_word' id='word_1_216' title='bbox 1039 3442 1089 3499; x_wconf 84' lang='lat' dir='ltr'>sed</span> <span class='ocrx_word' id='word_1_217' title='bbox 1110 3443 1221 3501; x_wconf 72' lang='lat' dir='ltr'>vocales</span> <span class='ocrx_word' id='word_1_218' title='bbox 1249 3444 1291 3501; x_wconf 95' lang='lat' dir='ltr'>di-</span> 
     </span>
     <span class='ocr_line' id='line_1_25' title="bbox 245 3520 1290 3599; baseline 0.005 -22"><span class='ocrx_word' id='word_1_219' title='bbox 245 3524 348 3579; x_wconf 76' lang='grc' dir='ltr'>ἔσοντοι</span> <span class='ocrx_word' id='word_1_220' title='bbox 374 3522 500 3597; x_wconf 74' lang='grc' dir='ltr'>οἰκήτορες</span> <span class='ocrx_word' id='word_1_221' title='bbox 526 3526 581 3596; x_wconf 74' lang='grc' dir='ltr'>γῆς,</span> <span class='ocrx_word' id='word_1_222' title='bbox 606 3524 691 3576; x_wconf 79' lang='grc' dir='ltr'>ἅκοκοι</span> <span class='ocrx_word' id='word_1_223' title='bbox 719 3524 746 3577; x_wconf 74' lang='grc' dir='ltr'>δὲ</span> <span class='ocrx_word' id='word_1_224' title='bbox 787 3520 984 3599; x_wconf 71' lang='lat' dir='ltr'>phthongique</span> <span class='ocrx_word' id='word_1_225' title='bbox 1013 3523 1053 3579; x_wconf 90' lang='lat' dir='ltr'>ibi</span> <span class='ocrx_word' id='word_1_226' title='bbox 1082 3533 1290 3599; x_wconf 83' lang='lat' dir='ltr'>permutantur,</span> 
     </span>
     <span class='ocr_line' id='line_1_26' title="bbox 245 3604 1291 3681; baseline 0.005 -22"><span class='ocrx_word' id='word_1_227' title='bbox 245 3604 479 3677; x_wconf 73' lang='grc' dir='ltr'>ὑπολειφθῆσοντοι</span> <span class='ocrx_word' id='word_1_228' title='bbox 501 3605 528 3659; x_wconf 76' lang='grc' dir='ltr'>ἐν</span> <span class='ocrx_word' id='word_1_229' title='bbox 551 3605 622 3673; x_wconf 77' lang='grc' dir='ltr'>οὔτῇ·</span> <span class='ocrx_word' id='word_1_230' title='bbox 644 3604 683 3658; x_wconf 83' lang='grc' dir='ltr'>ὅτι</span> <span class='ocrx_word' id='word_1_231' title='bbox 706 3606 745 3657; x_wconf 80' lang='grc' dir='ltr'>εὐ-</span> <span class='ocrx_word' id='word_1_232' title='bbox 787 3604 858 3660; x_wconf 71' lang='lat' dir='ltr'>celeo</span> <span class='ocrx_word' id='word_1_233' title='bbox 873 3613 905 3661; x_wconf 89' lang='lat' dir='ltr'>ut</span> <span class='ocrx_word' id='word_1_234' title='bbox 920 3615 930 3659; x_wconf 95' lang='lat'>1</span> <span class='ocrx_word' id='word_1_235' title='bbox 946 3624 998 3680; x_wconf 91' lang='lat' dir='ltr'>pro</span> <span class='ocrx_word' id='word_1_236' title='bbox 1018 3615 1050 3660; x_wconf 82' lang='lat' dir='ltr'>El</span> <span class='ocrx_word' id='word_1_237' title='bbox 1066 3605 1228 3681; x_wconf 80' lang='lat' dir='ltr'>saepissime</span> <span class='ocrx_word' id='word_1_238' title='bbox 1242 3628 1291 3664; x_wconf 88' lang='lat' dir='ltr'>ex-</span> 
     </span>
     <span class='ocr_line' id='line_1_27' title="bbox 244 3683 927 3756; baseline 0 -15"><span class='ocrx_word' id='word_1_239' title='bbox 244 3686 317 3743; x_wconf 76' lang='grc' dir='ltr'>θτῑτ.</span> <span class='ocrx_word' id='word_1_240' title='bbox 334 3729 341 3743; x_wconf 92' lang='grc'><strong><em>.</em></strong></span> <span class='ocrx_word' id='word_1_241' title='bbox 356 3730 363 3741; x_wconf 93' lang='grc'><strong>.</strong></span> <span class='ocrx_word' id='word_1_242' title='bbox 380 3731 386 3743; x_wconf 90' lang='grc'>,</span> <span class='ocrx_word' id='word_1_243' title='bbox 402 3687 430 3741; x_wconf 79' lang='grc' dir='ltr'>ἐν</span> <span class='ocrx_word' id='word_1_244' title='bbox 442 3688 512 3755; x_wconf 78' lang='grc' dir='ltr'>αὐτῇ.</span> <span class='ocrx_word' id='word_1_245' title='bbox 554 3684 635 3756; x_wconf 86' lang='lat' dir='ltr'>Quae</span> <span class='ocrx_word' id='word_1_246' title='bbox 650 3684 746 3755; x_wconf 81' lang='lat' dir='ltr'>verba,</span> <span class='ocrx_word' id='word_1_247' title='bbox 786 3683 927 3742; x_wconf 74' lang='lat' dir='ltr'>hibentur.</span> 
     </span>
     <span class='ocr_line' id='line_1_28' title="bbox 244 3764 1290 3840; baseline 0.002 -17"><span class='ocrx_word' id='word_1_248' title='bbox 244 3768 284 3823; x_wconf 76' lang='grc' dir='ltr'>ὅτι</span> <span class='ocrx_word' id='word_1_249' title='bbox 304 3768 385 3825; x_wconf 63' lang='lat' dir='ltr'>eloris</span> <span class='ocrx_word' id='word_1_250' title='bbox 399 3810 407 3823; x_wconf 85' lang='lat'><strong>.</strong></span> <span class='ocrx_word' id='word_1_251' title='bbox 421 3812 428 3823; x_wconf 91' lang='lat'><em>.</em></span> <span class='ocrx_word' id='word_1_252' title='bbox 444 3811 451 3823; x_wconf 93' lang='lat'><strong>.</strong></span> <span class='ocrx_word' id='word_1_253' title='bbox 468 3812 474 3824; x_wconf 93' lang='lat'><strong>.</strong></span> <span class='ocrx_word' id='word_1_254' title='bbox 491 3768 518 3821; x_wconf 71' lang='grc' dir='ltr'>ἕν</span> <span class='ocrx_word' id='word_1_255' title='bbox 530 3770 602 3837; x_wconf 77' lang='grc' dir='ltr'>αὐτῇ,</span> <span class='ocrx_word' id='word_1_256' title='bbox 616 3764 646 3821; x_wconf 82' lang='lat' dir='ltr'>ln</span> <span class='ocrx_word' id='word_1_257' title='bbox 667 3765 744 3823; x_wconf 75' lang='lat' dir='ltr'>Edit.</span> <span class='ocrx_word' id='word_1_258' title='bbox 828 3766 865 3823; x_wconf 80' lang='lat' dir='ltr'>lb.</span> <span class='ocrx_word' id='word_1_259' title='bbox 882 3769 1055 3840; x_wconf 68' lang='grc' dir='ltr'>ἐπαιρόμενον]</span> <span class='ocrx_word' id='word_1_260' title='bbox 1081 3767 1129 3824; x_wconf 81' lang='lat' dir='ltr'>Ita</span> <span class='ocrx_word' id='word_1_261' title='bbox 1147 3767 1227 3823; x_wconf 79' lang='lat' dir='ltr'>LXX</span> <span class='ocrx_word' id='word_1_262' title='bbox 1241 3768 1290 3825; x_wconf 86' lang='lat' dir='ltr'>In-</span> 
     </span>
     <span class='ocr_line' id='line_1_29' title="bbox 245 3844 1291 3924; baseline 0.002 -19"><span class='ocrx_word' id='word_1_263' title='bbox 245 3844 339 3906; x_wconf 86' lang='lat' dir='ltr'>Oxon.</span> <span class='ocrx_word' id='word_1_264' title='bbox 354 3846 535 3906; x_wconf 74' lang='lat' dir='ltr'>doctissimus</span> <span class='ocrx_word' id='word_1_265' title='bbox 555 3846 649 3905; x_wconf 84' lang='lat' dir='ltr'>editor</span> <span class='ocrx_word' id='word_1_266' title='bbox 666 3847 747 3904; x_wconf 86' lang='lat' dir='ltr'>uncis</span> <span class='ocrx_word' id='word_1_267' title='bbox 787 3853 934 3923; x_wconf 87' lang='lat' dir='ltr'>terpretes.</span> <span class='ocrx_word' id='word_1_268' title='bbox 985 3846 1090 3905; x_wconf 86' lang='lat' dir='ltr'>Juniue</span> <span class='ocrx_word' id='word_1_269' title='bbox 1118 3848 1232 3924; x_wconf 84' lang='lat' dir='ltr'>quidem</span> <span class='ocrx_word' id='word_1_270' title='bbox 1261 3856 1291 3907; x_wconf 82' lang='lat' dir='ltr'>ct</span> 
     </span>
     <span class='ocr_line' id='line_1_30' title="bbox 244 3926 1290 4006; baseline 0.002 -21"><span class='ocrx_word' id='word_1_271' title='bbox 244 3926 368 4002; x_wconf 78' lang='lat' dir='ltr'>inclusit,</span> <span class='ocrx_word' id='word_1_272' title='bbox 391 3938 538 4006; x_wconf 76' lang='lat' dir='ltr'>tamquam</span> <span class='ocrx_word' id='word_1_273' title='bbox 565 3929 744 4005; x_wconf 83' lang='lat' dir='ltr'>interpolata.</span> <span class='ocrx_word' id='word_1_274' title='bbox 789 3929 860 3986; x_wconf 87' lang='lat' dir='ltr'>Edd.</span> <span class='ocrx_word' id='word_1_275' title='bbox 892 3948 989 3985; x_wconf 82' lang='lat' dir='ltr'>omnes</span> <span class='ocrx_word' id='word_1_276' title='bbox 1023 3936 1090 3986; x_wconf 89' lang='lat' dir='ltr'>ante</span> <span class='ocrx_word' id='word_1_277' title='bbox 1120 3929 1290 3987; x_wconf 68' lang='lat' dir='ltr'>ll&#39;ottonum</span> 
     </span>
     <span class='ocr_line' id='line_1_31' title="bbox 245 4008 1289 4086; baseline 0.004 -21"><span class='ocrx_word' id='word_1_278' title='bbox 245 4008 327 4067; x_wconf 80' lang='lat' dir='ltr'>Haec</span> <span class='ocrx_word' id='word_1_279' title='bbox 353 4020 450 4069; x_wconf 83' lang='lat' dir='ltr'>eutem</span> <span class='ocrx_word' id='word_1_280' title='bbox 484 4030 520 4068; x_wconf 81' lang='lat' dir='ltr'>ex</span> <span class='ocrx_word' id='word_1_281' title='bbox 551 4010 671 4086; x_wconf 78' lang='lat' dir='ltr'>Aquilae</span> <span class='ocrx_word' id='word_1_282' title='bbox 701 4010 745 4067; x_wconf 82' lang='lat' dir='ltr'>vel</span> <span class='ocrx_word' id='word_1_283' title='bbox 787 4011 926 4086; x_wconf 82' lang='lat' dir='ltr'>praebent</span> <span class='ocrx_word' id='word_1_284' title='bbox 940 4012 1075 4082; x_wconf 75' lang='grc' dir='ltr'>αἰρόμενον.</span> <span class='ocrx_word' id='word_1_285' title='bbox 1101 4011 1170 4067; x_wconf 66' lang='lat' dir='ltr'>(lod.</span> <span class='ocrx_word' id='word_1_286' title='bbox 1187 4010 1289 4070; x_wconf 84' lang='lat' dir='ltr'>MStue</span> 
     </span>
     <span class='ocr_line' id='line_1_32' title="bbox 243 4090 1288 4168; baseline 0 -19"><span class='ocrx_word' id='word_1_287' title='bbox 243 4090 448 4151; x_wconf 86' lang='lat' dir='ltr'>&#39;lheodotionis</span> <span class='ocrx_word' id='word_1_288' title='bbox 487 4098 539 4150; x_wconf 84' lang='lat' dir='ltr'>aut</span> <span class='ocrx_word' id='word_1_289' title='bbox 582 4091 745 4168; x_wconf 74' lang='lat' dir='ltr'>Symmachi</span> <span class='ocrx_word' id='word_1_290' title='bbox 787 4102 884 4149; x_wconf 75' lang='lat' dir='ltr'>tauron</span> <span class='ocrx_word' id='word_1_291' title='bbox 918 4090 1004 4148; x_wconf 85' lang='lat' dir='ltr'>habet</span> <span class='ocrx_word' id='word_1_292' title='bbox 1035 4100 1288 4164; x_wconf 70' lang='lat' dir='ltr'>AlssEPOMENON,</span> 
     </span>
     <span class='ocr_line' id='line_1_33' title="bbox 244 4172 1290 4250; baseline 0.004 -21"><span class='ocrx_word' id='word_1_293' title='bbox 244 4173 383 4245; x_wconf 77' lang='lat' dir='ltr'>versione,</span> <span class='ocrx_word' id='word_1_294' title='bbox 404 4173 434 4230; x_wconf 93' lang='lat' dir='ltr'>in</span> <span class='ocrx_word' id='word_1_295' title='bbox 457 4172 586 4250; x_wconf 77' lang='lat' dir='ltr'>margine</span> <span class='ocrx_word' id='word_1_296' title='bbox 607 4174 744 4250; x_wconf 84' lang='lat' dir='ltr'>apposita,</span> <span class='ocrx_word' id='word_1_297' title='bbox 787 4173 876 4230; x_wconf 81' lang='lat' dir='ltr'>vocali</span> <span class='ocrx_word' id='word_1_298' title='bbox 892 4184 912 4227; x_wconf 83' lang='lat' dir='ltr'><strong>E</strong></span> <span class='ocrx_word' id='word_1_299' title='bbox 927 4182 956 4231; x_wconf 83' lang='lat' dir='ltr'>et</span> <span class='ocrx_word' id='word_1_300' title='bbox 970 4173 1148 4250; x_wconf 79' lang='lat' dir='ltr'>diphthongo</span> <span class='ocrx_word' id='word_1_301' title='bbox 1163 4174 1290 4245; x_wconf 80' lang='lat' dir='ltr'>A1,sicut</span> 
     </span>
     <span class='ocr_line' id='line_1_34' title="bbox 243 4254 1225 4331; baseline -0.001 -18"><span class='ocrx_word' id='word_1_302' title='bbox 243 4254 362 4313; x_wconf 73' lang='lat' dir='ltr'>undem</span> <span class='ocrx_word' id='word_1_303' title='bbox 388 4254 419 4312; x_wconf 91' lang='lat' dir='ltr'>in</span> <span class='ocrx_word' id='word_1_304' title='bbox 445 4262 560 4314; x_wconf 83' lang='lat' dir='ltr'>textum</span> <span class='ocrx_word' id='word_1_305' title='bbox 592 4254 745 4331; x_wconf 71' lang='lat' dir='ltr'>irrepsisse,</span> <span class='ocrx_word' id='word_1_306' title='bbox 787 4255 900 4331; x_wconf 83' lang='lat' dir='ltr'>passim,</span> <span class='ocrx_word' id='word_1_307' title='bbox 916 4254 991 4312; x_wconf 89' lang='lat' dir='ltr'>inter</span> <span class='ocrx_word' id='word_1_308' title='bbox 1004 4276 1033 4312; x_wconf 85' lang='lat' dir='ltr'>se</span> <span class='ocrx_word' id='word_1_309' title='bbox 1048 4255 1225 4331; x_wconf 83' lang='lat' dir='ltr'>permutatis.</span> 
     </span>
     <span class='ocr_line' id='line_1_35' title="bbox 243 4334 1286 4413; baseline -0.002 -20"><span class='ocrx_word' id='word_1_310' title='bbox 243 4334 334 4393; x_wconf 76' lang='lat' dir='ltr'>immo</span> <span class='ocrx_word' id='word_1_311' title='bbox 361 4335 392 4394; x_wconf 79' lang='lat' dir='ltr'>ln</span> <span class='ocrx_word' id='word_1_312' title='bbox 424 4337 567 4413; x_wconf 76' lang='lat' dir='ltr'>plerisque</span> <span class='ocrx_word' id='word_1_313' title='bbox 594 4336 747 4394; x_wconf 70' lang='lat' dir='ltr'>codicibus</span> <span class='ocrx_word' id='word_1_314' title='bbox 829 4338 855 4393; x_wconf 87' lang='grc'>8.</span> <span class='ocrx_word' id='word_1_315' title='bbox 878 4336 1015 4405; x_wconf 52' lang='lat' dir='ltr'>didio-pcc</span> <span class='ocrx_word' id='word_1_316' title='bbox 1038 4342 1082 4392; x_wconf 87' lang='grc' dir='ltr'>τὸν</span> <span class='ocrx_word' id='word_1_317' title='bbox 1101 4341 1179 4392; x_wconf 86' lang='grc' dir='ltr'>τόπον</span> <span class='ocrx_word' id='word_1_318' title='bbox 1196 4338 1286 4410; x_wconf 79' lang='grc' dir='ltr'>αὐτοῦ]</span> 
     </span>
     <span class='ocr_line' id='line_1_36' title="bbox 243 4416 1287 4495; baseline -0.001 -20"><span class='ocrx_word' id='word_1_319' title='bbox 243 4417 399 4495; x_wconf 75' lang='lat' dir='ltr'>genuinam</span> <span class='ocrx_word' id='word_1_320' title='bbox 411 4417 493 4475; x_wconf 76' lang='lat' dir='ltr'>Lxx</span> <span class='ocrx_word' id='word_1_321' title='bbox 507 4418 578 4477; x_wconf 86' lang='lat' dir='ltr'>Intt.</span> <span class='ocrx_word' id='word_1_322' title='bbox 594 4417 746 4475; x_wconf 86' lang='lat' dir='ltr'>lectionem</span> <span class='ocrx_word' id='word_1_323' title='bbox 787 4417 890 4476; x_wconf 82' lang='lat' dir='ltr'>Versio</span> <span class='ocrx_word' id='word_1_324' title='bbox 910 4416 998 4486; x_wconf 84' lang='lat' dir='ltr'>Lxx,</span> <span class='ocrx_word' id='word_1_325' title='bbox 1014 4418 1088 4474; x_wconf 90' lang='lat' dir='ltr'>unde</span> <span class='ocrx_word' id='word_1_326' title='bbox 1108 4417 1177 4474; x_wconf 83' lang='lat' dir='ltr'>haec</span> <span class='ocrx_word' id='word_1_327' title='bbox 1198 4417 1287 4474; x_wconf 87' lang='lat' dir='ltr'>citan-</span> 
     </span>
     <span class='ocr_line' id='line_1_37' title="bbox 243 4498 1288 4576; baseline -0.001 -19"><span class='ocrx_word' id='word_1_328' title='bbox 243 4498 404 4569; x_wconf 81' lang='lat' dir='ltr'>exclusiose,</span> <span class='ocrx_word' id='word_1_329' title='bbox 413 4499 541 4576; x_wconf 91' lang='lat' dir='ltr'>conjicio.</span> <span class='ocrx_word' id='word_1_330' title='bbox 574 4498 658 4575; x_wconf 76' lang='lat' dir='ltr'>Legit</span> <span class='ocrx_word' id='word_1_331' title='bbox 669 4499 746 4557; x_wconf 86' lang='lat' dir='ltr'>enim</span> <span class='ocrx_word' id='word_1_332' title='bbox 786 4508 843 4571; x_wconf 90' lang='lat' dir='ltr'>tur,</span> <span class='ocrx_word' id='word_1_333' title='bbox 855 4498 897 4556; x_wconf 90' lang='lat' dir='ltr'>uti</span> <span class='ocrx_word' id='word_1_334' title='bbox 913 4506 1010 4556; x_wconf 86' lang='lat' dir='ltr'>monet</span> <span class='ocrx_word' id='word_1_335' title='bbox 1021 4498 1181 4569; x_wconf 71' lang='lat' dir='ltr'>wotmnus,</span> <span class='ocrx_word' id='word_1_336' title='bbox 1193 4498 1288 4574; x_wconf 88' lang='lat' dir='ltr'>paullo</span> 
     </span>
     <span class='ocr_line' id='line_1_38' title="bbox 241 4579 1289 4657; baseline -0.004 -18"><span class='ocrx_word' id='word_1_337' title='bbox 241 4579 431 4657; x_wconf 83' lang='lat' dir='ltr'>proculdubio</span> <span class='ocrx_word' id='word_1_338' title='bbox 458 4579 536 4657; x_wconf 84' lang='lat' dir='ltr'>apud</span> <span class='ocrx_word' id='word_1_339' title='bbox 563 4580 634 4639; x_wconf 85' lang='lat' dir='ltr'>Intt.</span> <span class='ocrx_word' id='word_1_340' title='bbox 664 4580 745 4638; x_wconf 77' lang='lat' dir='ltr'>Lxx</span> <span class='ocrx_word' id='word_1_341' title='bbox 786 4580 870 4638; x_wconf 82' lang='lat' dir='ltr'>aliter</span> <span class='ocrx_word' id='word_1_342' title='bbox 891 4579 1046 4637; x_wconf 85' lang='lat' dir='ltr'>sehabet:</span> <span class='ocrx_word' id='word_1_343' title='bbox 1068 4580 1193 4650; x_wconf 80' lang='grc' dir='ltr'>Ἐζὴτησο</span> <span class='ocrx_word' id='word_1_344' title='bbox 1214 4583 1289 4635; x_wconf 80' lang='grc' dir='ltr'>αὐτὸν</span> 
     </span>
     <span class='ocr_line' id='line_1_39' title="bbox 243 4660 1287 4739; baseline -0.002 -18"><span class='ocrx_word' id='word_1_345' title='bbox 243 4660 384 4735; x_wconf 73' lang='lat' dir='ltr'>clemens,</span> <span class='ocrx_word' id='word_1_346' title='bbox 393 4660 617 4739; x_wconf 73' lang='lat' dir='ltr'>lpfllsApostolls</span> <span class='ocrx_word' id='word_1_347' title='bbox 631 4662 744 4735; x_wconf 75' lang='grc' dir='ltr'>σῦγχρο·</span> <span class='ocrx_word' id='word_1_348' title='bbox 786 4666 826 4718; x_wconf 81' lang='grc' dir='ltr'>καὶ</span> <span class='ocrx_word' id='word_1_349' title='bbox 840 4666 888 4734; x_wconf 81' lang='grc' dir='ltr'>οὐχ</span> <span class='ocrx_word' id='word_1_350' title='bbox 902 4663 990 4732; x_wconf 68' lang='grc' dir='ltr'>εὑρέθη</span> <span class='ocrx_word' id='word_1_351' title='bbox 1005 4665 1019 4715; x_wconf 82' lang='grc' dir='ltr'><strong><em>ὁ</em></strong></span> <span class='ocrx_word' id='word_1_352' title='bbox 1032 4665 1109 4718; x_wconf 77' lang='grc' dir='ltr'>τόπος</span> <span class='ocrx_word' id='word_1_353' title='bbox 1122 4664 1199 4716; x_wconf 80' lang='grc' dir='ltr'>αὐτοῦ</span> <span class='ocrx_word' id='word_1_354' title='bbox 1213 4682 1218 4716; x_wconf 93' lang='lat'><strong>:</strong></span> <span class='ocrx_word' id='word_1_355' title='bbox 1238 4662 1287 4718; x_wconf 81' lang='lat' dir='ltr'>ubi</span> 
     </span>
     <span class='ocr_line' id='line_1_40' title="bbox 241 4741 1287 4817; baseline -0.004 -15"><span class='ocrx_word' id='word_1_356' title='bbox 241 4766 292 4809; x_wconf 79' lang='lat' dir='ltr'>m,</span> <span class='ocrx_word' id='word_1_357' title='bbox 306 4748 420 4817; x_wconf 77' lang='lat' dir='ltr'>Xpaorol</span> <span class='ocrx_word' id='word_1_358' title='bbox 433 4748 536 4800; x_wconf 72' lang='lat' dir='ltr'>leonae</span> <span class='ocrx_word' id='word_1_359' title='bbox 549 4768 573 4800; x_wconf 84' lang='grc' dir='ltr'>κ.</span> <span class='ocrx_word' id='word_1_360' title='bbox 584 4768 609 4800; x_wconf 81' lang='grc' dir='ltr'>τ.</span> <span class='ocrx_word' id='word_1_361' title='bbox 619 4747 646 4800; x_wconf 81' lang='grc' dir='ltr'>λ.</span> <span class='ocrx_word' id='word_1_362' title='bbox 658 4743 700 4801; x_wconf 83' lang='lat' dir='ltr'>ita</span> <span class='ocrx_word' id='word_1_363' title='bbox 714 4751 744 4801; x_wconf 87' lang='lat' dir='ltr'>et</span> <span class='ocrx_word' id='word_1_364' title='bbox 785 4748 799 4800; x_wconf 82' lang='grc' dir='ltr'><strong><em>ὁ</em></strong></span> <span class='ocrx_word' id='word_1_365' title='bbox 823 4749 901 4799; x_wconf 79' lang='grc' dir='ltr'>τόπος</span> <span class='ocrx_word' id='word_1_366' title='bbox 923 4745 999 4797; x_wconf 77' lang='grc' dir='ltr'>αὐτοῦ</span> <span class='ocrx_word' id='word_1_367' title='bbox 1023 4741 1104 4799; x_wconf 89' lang='lat' dir='ltr'>obelo</span> <span class='ocrx_word' id='word_1_368' title='bbox 1128 4747 1265 4799; x_wconf 87' lang='lat' dir='ltr'>notantur</span> <span class='ocrx_word' id='word_1_369' title='bbox 1279 4763 1287 4815; x_wconf 79' lang='lat'>3</span> 
     </span>
     <span class='ocr_line' id='line_1_41' title="bbox 241 4821 1287 4884; baseline -0.004 -1"><span class='ocrx_word' id='word_1_370' title='bbox 241 4824 375 4884; x_wconf 76' lang='lat' dir='ltr'>Clemens</span> <span class='ocrx_word' id='word_1_371' title='bbox 387 4823 470 4883; x_wconf 69' lang='lat' dir='ltr'>Alex</span> <span class='ocrx_word' id='word_1_372' title='bbox 492 4824 615 4882; x_wconf 83' lang='lat' dir='ltr'>WOTT.</span> <span class='ocrx_word' id='word_1_373' title='bbox 784 4825 889 4881; x_wconf 89' lang='lat' dir='ltr'>absunt</span> <span class='ocrx_word' id='word_1_374' title='bbox 907 4823 985 4879; x_wconf 88' lang='lat' dir='ltr'>enim</span> <span class='ocrx_word' id='word_1_375' title='bbox 1006 4842 1043 4879; x_wconf 84' lang='lat' dir='ltr'>ex</span> <span class='ocrx_word' id='word_1_376' title='bbox 1064 4821 1197 4880; x_wconf 83' lang='lat' dir='ltr'>Hebraeo</span> <span class='ocrx_word' id='word_1_377' title='bbox 1214 4823 1287 4881; x_wconf 84' lang='lat' dir='ltr'>Tex-</span> 
     </span>
     <span class='ocr_line' id='line_1_42' title="bbox 283 4903 1284 4986; baseline -0.002 -22"><span class='ocrx_word' id='word_1_378' title='bbox 283 4903 587 4986; x_wconf 68' lang='grc' dir='ltr'>4.ἐξολεθρευθήσονται]</span> <span class='ocrx_word' id='word_1_379' title='bbox 600 4906 741 4964; x_wconf 82' lang='lat' dir='ltr'>ltaWott.</span> <span class='ocrx_word' id='word_1_380' title='bbox 784 4914 826 4976; x_wconf 89' lang='lat' dir='ltr'>tu,</span> <span class='ocrx_word' id='word_1_381' title='bbox 841 4924 932 4980; x_wconf 85' lang='lat' dir='ltr'>neque</span> <span class='ocrx_word' id='word_1_382' title='bbox 953 4912 1146 4980; x_wconf 58' lang='lat' dir='ltr'>nomioscuutur</span> <span class='ocrx_word' id='word_1_383' title='bbox 1159 4926 1176 4961; x_wconf 83' lang='lat' dir='ltr'>a</span> <span class='ocrx_word' id='word_1_384' title='bbox 1190 4903 1284 4962; x_wconf 79' lang='lat' dir='ltr'>Verso.</span> 
     </span>
     <span class='ocr_line' id='line_1_43' title="bbox 242 4985 1284 5063; baseline -0.004 -16"><span class='ocrx_word' id='word_1_385' title='bbox 242 4986 373 5047; x_wconf 74' lang='lat' dir='ltr'>Gnllmd.</span> <span class='ocrx_word' id='word_1_386' title='bbox 403 4987 497 5046; x_wconf 84' lang='lat' dir='ltr'>Helel.</span> <span class='ocrx_word' id='word_1_387' title='bbox 526 4995 556 5046; x_wconf 88' lang='lat' dir='ltr'>et</span> <span class='ocrx_word' id='word_1_388' title='bbox 583 4987 743 5045; x_wconf 85' lang='lat' dir='ltr'>Dresselius</span> <span class='ocrx_word' id='word_1_389' title='bbox 786 4986 901 5063; x_wconf 63' lang='lat' dir='ltr'>Spicea</span> <span class='ocrx_word' id='word_1_390' title='bbox 920 4993 949 5043; x_wconf 87' lang='lat' dir='ltr'>et</span> <span class='ocrx_word' id='word_1_391' title='bbox 970 4985 1146 5061; x_wconf 81' lang='lat' dir='ltr'>Hieronymi.</span> <span class='ocrx_word' id='word_1_392' title='bbox 1189 4985 1284 5043; x_wconf 79' lang='lat' dir='ltr'>Verso.</span> 
     </span>
     <span class='ocr_line' id='line_1_44' title="bbox 241 5066 1283 5147; baseline -0.002 -20"><span class='ocrx_word' id='word_1_393' title='bbox 241 5088 308 5127; x_wconf 85' lang='lat' dir='ltr'>cum</span> <span class='ocrx_word' id='word_1_394' title='bbox 331 5068 402 5129; x_wconf 74' lang='lat' dir='ltr'>coa</span> <span class='ocrx_word' id='word_1_395' title='bbox 429 5068 525 5142; x_wconf 84' lang='lat' dir='ltr'>Msto,</span> <span class='ocrx_word' id='word_1_396' title='bbox 549 5069 579 5127; x_wconf 87' lang='lat' dir='ltr'>in</span> <span class='ocrx_word' id='word_1_397' title='bbox 599 5089 656 5147; x_wconf 91' lang='lat' dir='ltr'>quo</span> <span class='ocrx_word' id='word_1_398' title='bbox 680 5078 744 5127; x_wconf 91' lang='lat' dir='ltr'>tum</span> <span class='ocrx_word' id='word_1_399' title='bbox 785 5068 871 5125; x_wconf 67' lang='lat' dir='ltr'>drab.</span> <span class='ocrx_word' id='word_1_400' title='bbox 887 5075 917 5125; x_wconf 89' lang='lat' dir='ltr'>et</span> <span class='ocrx_word' id='word_1_401' title='bbox 930 5067 1015 5145; x_wconf 80' lang='lat' dir='ltr'>Vulg.</span> <span class='ocrx_word' id='word_1_402' title='bbox 1031 5087 1095 5124; x_wconf 90' lang='lat' dir='ltr'>cum</span> <span class='ocrx_word' id='word_1_403' title='bbox 1113 5066 1193 5124; x_wconf 78' lang='lat' dir='ltr'>Lxx</span> <span class='ocrx_word' id='word_1_404' title='bbox 1214 5067 1283 5125; x_wconf 70' lang='lat' dir='ltr'>Into.</span> 
     </span>
     <span class='ocr_line' id='line_1_45' title="bbox 241 5148 899 5229; baseline -0.005 -20"><span class='ocrx_word' id='word_1_405' title='bbox 241 5148 375 5210; x_wconf 87' lang='lat' dir='ltr'>hictum</span> <span class='ocrx_word' id='word_1_406' title='bbox 398 5160 538 5229; x_wconf 85' lang='lat' dir='ltr'>perpetuo</span> <span class='ocrx_word' id='word_1_407' title='bbox 558 5151 635 5228; x_wconf 85' lang='lat' dir='ltr'>apud</span> <span class='ocrx_word' id='word_1_408' title='bbox 663 5151 742 5207; x_wconf 75' lang='lat' dir='ltr'>Lxx</span> <span class='ocrx_word' id='word_1_409' title='bbox 786 5150 899 5207; x_wconf 83' lang='lat' dir='ltr'>faciunt.</span> 
     </span>
    </p>
   </div>
   <div class='ocr_carea' id='block_1_7' title="bbox 842 5266 888 5311">
    <p class='ocr_par' dir='ltr' id='par_1_7' title="bbox 842 5266 888 5311">
     <span class='ocr_line' id='line_1_46' title="bbox 842 5266 888 5311; baseline 0.087 -4"><span class='ocrx_word' id='word_1_410' title='bbox 842 5266 888 5311; x_wconf 86' lang='lat'>12</span> 
     </span>
    </p>
   </div>
   <div class='ocr_carea' id='block_1_8' title="bbox 0 0 1630 6615">
    <p class='ocr_par' dir='ltr' id='par_1_8' title="bbox 0 0 1630 6615">
     <span class='ocr_line' id='line_1_47' title="bbox 0 0 1630 6615; baseline 0 0"><span class='ocrx_word' id='word_1_411' title='bbox 0 0 1630 6615; x_wconf 95' lang='lat' dir='ltr'> </span> 
     </span>
    </p>
   </div>
  </div>
 </body>
</html>
