3250 6617
377 1064 441 1127 240
742 1062 774 1125 S.
795 1062 1052 1126 CLEMENTIS

377 1237 553 1342 ἀλλότρια
577 1241 749 1339 ἡγεῖσθαι,
770 1245 827 1319 καὶ
851 1239 901 1339 μὴ
921 1244 1097 1340 ἐπιθυμεῖν
1116 1241 1254 1336 αὐτῶν,
1284 1241 1321 1317 ἐν
1348 1239 1420 1341 γὰρ

282 1424 284 1430 -
377 1370 428 1473 τῷ
454 1369 631 1466 ἐπιθυμεῖν
655 1367 747 1466 ἡμᾶς
768 1367 972 1467 κτήσασθαι
998 1377 1123 1464 ταῦτα,
1146 1368 1419 1473 ἀποπίπτομ[εν]

377 1497 441 1595 της
465 1497 548 1574 ὀδοῦ
574 1499 637 1594 τῆς
659 1497 802 1581 δικαίας.

211 1649 342 1701 Saeculum
435 1619 483 1710 ς’.
516 1621 618 1723 Λέγει
645 1621 680 1701 δέ
707 1627 727 1703 ὁ
752 1622 896 1725 Κύριος·
929 1634 950 1669 “
965 1624 1092 1707 Οὐδεὶς
1116 1621 1250 1722 οἰκέτης
1273 1620 1419 1702 δυ’ναται

213 1720 366 1897 §met
380 1761 401 1797 “
419 1753 502 1831 δυσὶ
539 1752 668 1855 κυρίοις
707 1749 945 1857 δουλεθε[ιν].”
1012 1750 1102 1831 Ἐὰν
1130 1750 1226 1850 ἡμεῖς
1262 1748 1450 1848 θέλωμεν5

230 1863 263 1896 uo
274 1863 317 1896 ml·

211 1914 277 1962 mici.
380 1881 437 1959 καῖ
467 1883 582 1987 “Θεῷ
613 1879 816 1987 δ[ουλ]εθειν
849 1886 906 1960 καῖ
940 1878 1141 1986 Μαμωνᾷ,”
1176 1876 1420 1984 ἀοτίμφο[ρ]ον

379 2009 461 2108 ἡμῖν
479 2010 587 2088 ἐστίν.
645 2009 727 2089 “Ti
750 2007 822 2111 γὰρ
848 2008 890 2088 τδ
918 2007 1065 2112 ὄφελος,
1086 2004 1146 2085 ε’ἀν
1166 2041 1219 2090 τις
1242 2003 1306 2086 τδν
1331 2007 1420 2086 ὅλον

379 2147 400 2183 “
417 2134 556 2234 κόσμον
573 2135 740 2240 κερδήσῃ,
761 2133 826 2232 τὴν
848 2135 885 2213 δέ
909 2133 1033 2242 ψυχὴν
1055 2133 1209 2238 ζημιωθῇ
1224 2134 1255 2229 ;”
1284 2131 1421 2213 Ἔστιν

379 2261 416 2341 δέ
444 2264 545 2348 οὗτος
572 2266 592 2343 ὁ
619 2262 705 2342 αῖῖον
726 2265 825 2342 καὶὸ
852 2261 1000 2361 μέλλων
1021 2260 1084 2341 δύο
1111 2263 1241 2367 ἐχθροί.
1301 2261 1420 2346 Οὗτος

380 2390 475 2492 λέγει
508 2395 676 2496 μοιχείαν,
708 2396 764 2470 καὶ
793 2390 947 2496 φθοράν,
982 2393 1039 2470 καῖ
1072 2389 1327 2497 φιλαργυρίαν,
1362 2393 1421 2468 καὶ
1437 2426 1474 2463 10

215 2547 365 2626 spretpjllo,
379 2517 530 2619 ἀπάτην·
560 2523 685 2605 ἐκεῖνος
702 2519 738 2599 δέ
756 2516 893 2603 τούτοις
916 2516 1173 2599 ἀποτάσσεται.
1236 2519 1295 2598 Οὐ
1313 2517 1419 2596 δυνά-

213 2615 356 2730 poppam-
379 2650 468 2744 μεθα
496 2646 558 2724 οὖν
584 2655 657 2727 τῶν
679 2646 741 2725 δύο
771 2646 872 2750 φίλοι
904 2641 1001 2723 εἶναι·
1044 2646 1098 2723 δεῖ
1123 2645 1160 2722 δέ
1189 2644 1281 2740 ἡμᾶς
1306 2642 1421 2750 τούτῳ

380 2770 668 2876 ἀποταξαμένους
685 2775 800 2880 ἐκείνῳ
818 2778 986 2878 χρᾶσθαι.
1019 2771 1186 2870 Οῖοῖμεθα
1205 2771 1257 2850 ἐντι
1275 2770 1422 2865 βέλτιόν

379 2902 477 2980 ἐστιν
494 2900 539 2979 τὰ
561 2899 679 2980 ἐνθάδε
702 2905 870 3000 μισῆσαι,
894 2900 948 2980 <irc
973 2898 1082 3002 μικρά
1109 2901 1166 2978 καὶ
1194 2897 1422 3003 ὀλιγοχρόνια

381 3035 438 3107 καῖ
475 3028 628 3136 φθαρτά·
673 3031 783 3110 ἐκεῖνα
820 3027 856 3108 δέ
893 3032 1093 3129 ἀγαπῆσαι,
1132 3026 1175 3107 τὰ
1209 3025 1326 3128 ἀγοθά
1363 3031 1421 3106 καῖ
1439 3060 1475 3117 ¹5

216 3182 309 3297 chapp
381 3157 557 3261 ἄφθαρτα.
615 3164 804 3243 Ποιοιῖντες
827 3159 898 3262 γὰρ
919 3155 962 3236 τδ
988 3157 1127 3256 θέλημα
1153 3164 1216 3236 τοῦ
1242 3160 1419 3258 Χριστοῦ,

216 3253 353 3379 ῖῖῖῖιιιῖῖῑ-
381 3285 576 3390 εὑρήσομεν
605 3284 818 3366 ἀνάπαυσιν·
849 3291 876 3363 εὶ
908 3284 944 3363 δέ
975 3283 1079 3385 μήγε,
1113 3281 1213 3362 οὐδὲν
1236 3283 1327 3381 ἡμᾶς
1354 3283 1418 3388 ρύ-

215 3379 343 3494 ῖέιῖιῖὶέιὴ
381 3449 483 3493 σεται
510 3415 547 3493 ἐκ
575 3418 638 3514 της
665 3417 804 3495 αἰωνίου
832 3411 1029 3510 κολάσεως,
1057 3411 1116 3490 ἐὰν
1140 3408 1423 3514 παρακοθσωμεν

216 3528 279 3576 ⁸¹³⁹*
382 3549 453 3621 τῶν
479 3545 635 3621 ἐντολῶν
656 3545 774 3623 αὐτοῦ.
835 3541 939 3642 Λέγει
963 3540 999 3619 δέ
1028 3543 1085 3619 καῖ
1111 3577 1133 3639 η
1159 3538 1282 3644 γραφὴ
1307 3546 1344 3617 ἐν
1370 3542 1423 3644 τῷ

382 3669 556 3771 Ἰεζεκιήλ,
568 3671 620 3750 ὅτι
637 3672 697 3750 ἐὰν
715 3675 854 3775 ἀναστῇ
875 3684 895 3718 “
911 3668 993 3750 Νωέ
1012 3672 1068 3747 καῖ
1087 3667 1174 3762 Ἰὼβ
1192 3670 1249 3746 καὶ
1268 3665 1423 3764 Δανιήλ,
1438 3714 1477 3752 20

429 3904 451 3941 1.
481 3884 614 3967 ἀλλότρια]
645 3887 691 3945 Sic
721 3888 755 3944 D.
782 3888 880 3955 Lucas,
965 3902 991 3960 7.
1007 3890 1037 3941 Τι’
1049 3890 1100 3960 γὰρ
1113 3890 1142 3942 τὸ
1156 3881 1272 3964 ὄφελος]
1288 3882 1424 3942 (litantur

385 3967 434 4024 xvi
453 3986 497 4038 12,
512 3971 534 4022 «t
555 3971 630 4044 ἐντῷ
648 3971 775 4045 ἀλλοτρίῳ
795 3973 883 4026 πιστοὶ
923 3969 992 4026 haec
1006 3987 1041 4025 ex
1056 3966 1213 4045 Evangelio
1228 3966 1256 4024 S.
1273 3965 1423 4035 Matthaei,

385 4051 430 4104 οὐκ
450 4051 576 4122 ἐγένεσθε,
590 4054 619 4105 τὸ
641 4053 758 4124 ὑμέτερον
770 4055 808 4109 τίς
827 4054 884 4122 ὑμῖν
924 4050 973 4108 sed
1006 4070 1063 4106 non
1093 4051 1230 4118 οὐτολεξεὶ.
1288 4047 1424 4123 Legimus

385 4133 462 4187 δώσει
474 4150 482 4201 ;
925 4132 1000 4190 enim
1018 4131 1094 4207 apud
1114 4131 1227 4206 ipsum3
1248 4132 1278 4184 Τι’
1290 4132 1341 4202 γὰρ
1354 4132 1424 4200 ὀφι-

427 4214 453 4268 6.
471 4208 603 4291 Μαμωνᾷ,]
623 4212 669 4271 ita
680 4212 749 4271 Cod.
764 4213 882 4271 MStus:
924 4218 1005 4269 λεῖτοι
1018 4215 1157 4284 ἄνθρωπος.
1173 4214 1216 4266 ἐὰν
1226 4215 1271 4266 τὸν
1283 4215 1346 4266 ὅλον
1362 4215 1423 4266 κόσ-

386 4292 427 4351 ita
439 4292 606 4369 Hesychius,
619 4293 728 4364 Suidaa,
742 4295 883 4363 D.Lucce‚
924 4319 971 4365 μου
989 4294 1107 4366 κερδήσῃ,
1128 4296 1173 4363 τὴν
1189 4295 1216 4347 δι’
1236 4294 1326 4365 ψυχὴν
1345 4294 1424 4347 αὐτοῦ

386 4381 416 4432 et
430 4374 519 4432 codd.
532 4375 659 4451 plerique
672 4377 748 4453 apud
759 4376 795 4432 D.
807 4376 881 4434 Mat·
925 4378 1034 4447 ζημιωθῇ
1047 4396 1054 4444 ;
1076 4373 1195 4431 WO'PF.

386 4455 509 4514 thaeum.
554 4455 602 4514 Ita
620 4458 741 4533 denique
759 4477 884 4534 pronun·
966 4460 992 4514 8.
1016 4459 1124 4527 ζημιωθῇ
1136 4453 1156 4536 ;]
1186 4455 1269 4511 Hanc
1293 4453 1424 4531 Evange-

386 4537 497 4596 tiarunt
511 4537 614 4600 Poeni:
636 4539 677 4596 ita
693 4539 789 4615 Syrus,
804 4539 885 4616 cujus
925 4538 1006 4596 lictae
1020 4538 1190 4614 scripturam
1204 4535 1321 4594 MStum
1343 4555 1424 4612 prae-

387 4618 499 4695 linguae
513 4640 570 4676 vox
584 4620 645 4678 iata.
662 4620 770 4677 MILL.
810 4621 885 4678 Cum
925 4628 1000 4678 ctare
1014 4620 1125 4677 viderat
1140 4618 1257 4688 Millius,
1277 4625 1306 4675 et
1326 4617 1367 4675 sic
1387 4637 1425 4674 ex

386 4727 405 4771 μ
438 4700 559 4776 simplici
593 4702 721 4759 scribunt
755 4703 882 4760 Wotton.
926 4701 1040 4778 ingenio
1048 4701 1173 4759 correxit
1184 4698 1325 4756 Davisius.
1349 4698 1421 4755 Edd.

387 4781 517 4839 Galland.
544 4791 573 4840 et
601 4782 765 4840 Schoenem.
791 4784 883 4843 Hefel.
925 4803 1001 4852 vero,
1023 4783 1047 4840 si
1067 4782 1198 4840 Galland.
1218 4781 1421 4839 Schoeneman.

387 4862 561 4940 Reithmayr.
578 4871 607 4923 et
621 4865 787 4923 Dreaeelius.
927 4864 1018 4922 Hefel.
1041 4872 1070 4922 et
1092 4862 1267 4921 Dreeaelium
1288 4861 1424 4939 excipias,

426 4943 463 5001 ib.
482 4943 680 5026 ἀσύμφο[ρ]ον]
710 4947 757 5004 Ita
781 4967 817 5004 ex
842 4945 886 5003 in·
925 4945 1046 5003 Junium
1080 4945 1179 5016 secuti,
1213 4943 1351 5002 exhibent
1383 4948 1425 5014 (η

386 5025 470 5100 genio
488 5026 599 5085 Boisiue
620 5036 783 5086 correxerat
802 5030 884 5099 ἀσύμ-
924 5033 1015 5099 μιὼσῃ.
1048 5026 1119 5084 Mox
1133 5025 1287 5103 pro'an
1300 5027 1327 5080 δὲ
1341 5025 1423 5090 οὗτος,

386 5114 479 5178 φονον,
504 5106 655 5167 lectionem
678 5109 805 5167 mendosi
827 5129 884 5186 quo
924 5109 1037 5177 Junius,
1060 5107 1246 5172 Colomeaiua,
1267 5113 1297 5165 et
1319 5105 1424 5164 Schoe

385 5187 519 5246 utebatur
539 5189 702 5266 apographi.
925 5208 1081 5249 nemannus
1092 5190 1208 5248 mallent·
1217 5190 1327 5246 Εἶσὶνδὶ
1336 5211 1357 5244 κ.
1367 5192 1420 5245 αλ.
