3250 6617
403 1066 447 1134 72
768 1066 800 1130 S.
825 1065 1081 1131 OLEMENTIS

403 1249 426 1286 ‘⁴
444 1239 561 1336 αιἰτοῦ,
581 1241 639 1317 καὶ
663 1245 737 1324 τοῖς
758 1238 901 1338 ἀνόμοις
926 1239 1111 1340 ἐλογίσθη,
1129 1238 1187 1316 καὶ
1205 1233 1311 1323 oriris
1329 1239 1447 1343 ἆμαρ·

404 1377 427 1414 “
443 1365 520 1449 τίοις
538 1371 690 1445 πολλῶν
707 1365 906 1467 ἀνήνεγκεν,
927 1366 986 1444 καὶ
1006 1362 1063 1443 διὰ
1089 1363 1155 1450 τὰς
1181 1365 1355 1469 ἁμαρτίας
1382 1370 1445 1446 αὐ-

405 1503 427 1541 “
443 1498 516 1572 τῶν
533 1490 743 1596 παρεδόθη.”
802 1497 875 1574 Καὶ
901 1491 1012 1573 πάλιν
1036 1490 1141 1578 αὐτός
1168 1501 1292 1599 φησιν,
1312 1504 1334 1541 “
1346 1492 1448 1595 Ἐγὼ

405 1633 427 1670 “
446 1621 488 1699 δέ
500 1625 568 1718 εἰμι
586 1618 755 1725 σκώληξ,
775 1625 833 1700 καὶ
859 1625 921 1701 οὐκ
943 1621 1140 1723 ἅνθροητος,
1159 1621 1290 1708 ὄνειδος
1308 1621 1446 1727 ἀνθμῶ·

406 1761 427 1797 “
444 1784 523 1829 πων
541 1752 599 1828 καὶ
624 1746 839 1853 ἐξονθένημα
857 1758 961 1830 λαοῦ.
1021 1751 1159 1835 Πάντες
1182 1753 1215 1829 οἱ
1239 1749 1478 1855 θεωροῦνιέςε

406 1889 428 1926 “
444 1913 499 1979 με,
526 1876 804 1983 ἐξεμυκτήρισοίν
835 1912 888 1977 με,
913 1875 1101 1977 ἐλάλησαν
1124 1879 1161 1956 ε’ν
1184 1879 1354 1985 χείλεσιν,
1378 1880 1447 1958 ἐκί-

406 2019 428 2054 “
446 2041 563 2106 νησαν
591 2005 764 2112 κεφαλήν·
808 2004 964 2104 ἤλπισεν
993 2006 1048 2086 ἐπὶ
1087 2003 1233 2108 Κύριον,
1271 2003 1449 2111 ῥυσάσθω

407 2146 428 2182 “
445 2132 563 2232 αὐτόν,
580 2130 740 2214 σωσάτω
767 2132 885 2232 αι’ντόν,
904 2133 958 2212 ὅτι
984 2132 1077 2212 θέλει
1103 2133 1243 2213 αιἰτόν.”
1299 2135 1447 2238 Ὁρᾶτε,

405 2261 529 2366 ἄνδρες
545 2263 732 2364 ἀγαπητοί,
750 2262 803 2345 τίς
822 2264 843 2341 ὁ
862 2257 1094 2365 ὑπογραμμὸς
1112 2264 1131 2340 ὁ
1150 2260 1333 2359 δεδομένος
1351 2264 1447 2362 ἡμῖν·

406 2391 434 2465 εὶ
464 2384 536 2490 γὰρ
562 2389 583 2466 ὁ
611 2387 742 2490 Κύριος
770 2389 882 2473 οὕτως
908 2384 1258 2493 ἐταπεινοφμόνησεν,
1285 2390 1324 2468 τί
1346 2384 1450 2490 ποιή-
1466 2436 1502 2474 10

406 2548 520 2612 σομεν
536 2515 632 2614 ἡμεῖς
660 2519 692 2594 οὶ
717 2513 786 2596 ὑπὸ
809 2513 873 2596 τὸν
899 2513 1005 2618 ζυγὸν
1021 2519 1084 2614 τῆς
1105 2512 1249 2620 χάριτος
1272 2517 1382 2597 αὐτοῦ
1406 2518 1448 2596 δι’

407 2644 515 2722 αιἰτοο
498 2641 720 2739 ἐλθόντεςς

243 2801 383 2850 ειεωοω
465 2767 536 2852 IZ'.
567 2774 730 2871 Μιμηταὶ
756 2770 1006 2873 γενώμεθα
963 2773 1139 2869 κακείνων,
1167 2772 1289 2859 οἵτινες
1315 2775 1352 2853 ἐν
1374 2772 1451 2879 δέρ-

243 2871 346 2914 rumvet
335 2865 397 2913 iusti

243 2931 368 2997 mim
407 2987 493 3041 ‘vom
519 2983 599 3060 prius
625 3004 643 3041 n
669 2983 792 3042 Diabolo
821 2992 908 3061 etque
948 2988 1056 3050 ‘oeret‚
1095 2984 1237 3049 Pater,
1228 3004 1344 3062 ignosee
1383 2986 1450 3053 illis,

406 3065 624 3123 ‘Daemonibus
650 3065 734 3125 duxit
757 3065 907 3143 eaptivita-
948 3065 1046 3142 ‘quod
1070 3065 1148 3124 enim
1170 3065 1279 3126 iaciunt
1302 3067 1452 3128 neeiunn’

407 3151 416 3179 ⁶
429 3153 497 3218 tem,
512 3154 541 3205 et
554 3146 634 3206 dedit
648 3167 711 3205 eam
727 3146 802 3205 dono
816 3147 908 3205 homi·
947 3146 1068 3205 WOTT.

406 3232 416 3261 ‘
428 3228 519 3286 nibus.
531 3229 824 3305 atqueeredentibus·
817 3228 908 3323 ,nquio
988 3247 1014 3302 3.
1031 3231 1080 3284 Καὶ
1098 3231 1176 3286 πόλιν
1193 3231 1269 3288 αὐτός
1288 3226 1435 3312 φησω]’
1405 3257 1451 3288 uo·

406 3309 584 3369 ‘tradidit‘
576 3330 607 3367 rn
633 3319 756 3368 mortem
782 3310 908 3367 animam
947 3314 999 3374 τός,
1021 3310 1088 3385 ipse,
1112 3309 1171 3367 soil.
1195 3308 1333 3370 Christus
1359 3311 1453 3372 SAN-

408 3391 908 3461 ‘suam.etoumsceleratis,'s1ve
948 3390 1085 3450 OROFT
1128 3391 1203 3450 Vide
1223 3391 1304 3464 infru
1323 3394 1338 3471 ξ
1356 3411 1392 3450 22
1414 3394 1452 3452 od

408 3472 534 3550 ‘iniquis
547 3481 695 3550 reputatus
708 3473 769 3532 est?
782 3473 907 3532 WOTT.
948 3472 1009 3531 init.
1034 3478 1075 3529 καὶ
1094 3475 1144 3548 γὰρ
1168 3476 1243 3533 αὐτὸς
1268 3479 1453 3548 προσκαλεῖται

451 3573 475 3612 1.
497 3560 537 3611 καὶ
556 3560 610 3614 τοῖς
626 3551 738 3635 ἀνόμοις]
757 3559 797 3611 καὶ
818 3559 845 3612 ἐν
856 3560 909 3614 τοῖς
947 3555 1017 3625 ἡμᾶς.

406 3638 507 3707 ἀνόμοις
541 3636 622 3693 LXX
651 3644 681 3695 et
708 3636 841 3695 Justinus
867 3636 907 3695 M.
990 3636 1016 3693 6.
1046 3637 1177 3707 ε’λᾶλησιιν
1197 3637 1225 3692 ἕν
1247 3634 1376 3717 χείλεσιν]
1405 3637 1453 3696 Ito

407 3717 491 3794 Apol.
513 3718 585 3792 i51.
626 3718 668 3777 At
688 3718 756 3776 ibid.
777 3732 825 3791 50,
846 3722 910 3791 μετὰ
949 3716 1021 3794 legit
1041 3716 1173 3775 Clemens
1193 3736 1259 3775 oum
1275 3717 1357 3776 Lxx
1378 3719 1450 3779 Intt.

406 3807 457 3855 τῶν
450 3802 574 3937 2ἀνόμων.
949 3798 1058 3857 'sextus
1086 3797 1243 3871 Hebraeus,
1270 3799 1396 3858 emm
1418 3801 1453 3859 in

498 3885 535 3935 κ’
512 3884 603 3937 miri
628 3884 673 3940 τὰς
700 3877 833 3961 ἁμαρτίας]
866 3881 909 3939 Εο
950 3880 1032 3938 hbeo.
1079 3879 1181 3938 Versio
1213 3880 1241 3938 S.
1272 3880 1452 3959 Hieronymi,

406 3962 493 4020 modo
498 3905 634 4020 iisbetur
654 3982 672 4019 n
688 3962 768 4019 LXX
783 3963 853 4020 Inte.
869 3986 899 4018 κ
901 3987 910 4018 ι
949 3981 986 4019 ex
1001 3960 1133 4019 Hebraeo
1149 3962 1232 4029 foetu.
1244 3963 1452 4023 demmin-

407 4046 505 4100 διὰιι
474 4046 519 4102 τὰς
545 4047 665 4117 ἁμαρτίας
688 4044 771 4101 Alex.
795 4043 823 4123 (ἆ
824 4047 911 4115 νομίος
950 4042 1036 4100 bium
1058 4041 1180 4101 WOTT.

407 4123 488 4202 Vnt.)
512 4128 579 4181 σιἰτῶ
580 4149 595 4180 ν
616 4127 752 4198 παρεδόθη.
795 4123 887 4182 Sed
878 4144 909 4181 ln
991 4138 1017 4197 7.
1046 4127 1197 4195 ἤλπισεν’
1183 4149 1225 4180 τιτι
1253 4120 1357 4204 Κύρων]
1396 4124 1453 4185 Eo-

408 4205 541 4265 Hebraeo
550 4206 644 4265 Textu
652 4205 821 4283 legrmuset
824 4226 910 4281 prae
950 4204 1016 4263 dem
1049 4205 1136 4263 modo
1162 4205 1284 4264 hebetur
1314 4207 1352 4264 nb
1379 4206 1451 4267 Inte

406 4288 616 4346 οοιιιοιιιοτίὸιιι
642 4287 796 4346 intervolat.
840 4286 911 4345 Vul-
951 4286 1039 4358 Lxx,
1054 4287 1084 4344 in
1098 4287 1191 4345 Verss
1209 4287 1273 4364 Syr.
1291 4294 1321 4347 et
1334 4288 1451 4365 Vulgnt.

408 4377 466 4446 got.
482 4379 507 4428 ιι
515 4391 572 4446 pro
583 4369 856 4444 ιιοιιομτοιιίοιιὶθιιι
865 4390 911 4426 ro-
950 4388 1059 4426 necnon
1082 4368 1112 4425 in
1135 4369 1292 4447 Evangelio
1322 4368 1351 4428 S.
1375 4369 1451 4430 Mat-

407 4452 495 4527 9ooit.
539 4452 566 4509 S.
583 4450 751 4527 Cyprianus,
771 4447 911 4530 [adnsu-
950 4449 1035 4521 thori,
1060 4448 1140 4507 xxvii
1166 4471 1212 4526 43.
1255 4450 1383 4509 Exhibet
1403 4471 1453 4510 ne·

409 4533 495 4591 doeos
514 4532 536 4589 ii
557 4529 615 4611 15,]
639 4542 756 4608 μτομιοι
767 4530 911 4607 facinora
949 4531 994 4589 bis
1007 4531 1116 4590 Tentus
1131 4531 1289 4603 Hebraeus,
1310 4531 1390 4591 Voles
1408 4533 1453 4592 vel

409 4615 528 4672 illorum
542 4614 668 4672 traditos
681 4623 726 4672 est.
760 4615 787 4672 S.
805 4613 909 4672 Hiero·
950 4622 1024 4670 verte
1037 4619 1067 4670 te
1087 4613 1308 4671 adDominum.
1350 4612 1453 4673 Versio

409 4715 512 4772 nymus
532 4695 573 4754 itn
592 4715 658 4753 oum
679 4695 760 4752 LXX
780 4694 851 4753 Inte.
870 4695 910 4752 lo·
952 4693 980 4751 S.
994 4693 1182 4770 Hieronymi:
1201 4693 1329 4770 confiuit
1341 4694 1384 4753 ad
1394 4696 1453 4754 Do

410 4797 474 4834 euru
495 4777 637 4853 explieat:
660 4777 752 4835 ‘Vere
773 4776 849 4833 enim
865 4795 908 4833 re·
950 4776 1073 4833 minum.
1096 4775 1218 4834 WOTT.

411 4862 551 4934 ‘putatus
565 4866 608 4917 est
618 4859 693 4917 inter
706 4864 868 4935 peccatores
881 4864 911 4916 ei
993 4878 1018 4932 9.
1050 4861 1089 4916 τίς
1117 4863 1131 4914 ὁ
1165 4854 1341 4938 ὑπογραμμὸς]
1379 4858 1455 4916 Vide

412 4948 420 4972 ⁸
432 4939 560 5015 iniquos.
572 4985 578 4998 .
592 4986 597 4997 .
609 4940 772 5016 Tantueque
789 4939 911 4997 elemen—
951 4959 1037 5016 supra
1050 4946 1150 4999 notata
1162 4940 1199 4996 nil
1214 4942 1229 5016 ξ
1244 4955 1273 5013 5,
1293 4960 1320 5017 p.
1337 4959 1376 5014 30
1389 4939 1408 4998 l.
1427 4959 1452 4998 2.

412 5025 420 5051 ‘
434 5020 490 5078 tine
504 5021 567 5084 fuit,
581 5029 614 5078 ut
630 5041 682 5097 pro
696 5021 911 5098 transgressori·
996 5040 1040 5078 10.
1063 5025 1086 5078 ri
1098 5025 1148 5096 γὰρ
1161 5027 1176 5078 ὁ
1190 5023 1279 5096 Κύριος
1298 5023 1378 5081 οὕτως
1396 5025 1453 5078 ἐτο-

411 5101 493 5172 ‘bus,
508 5101 597 5159 immo
611 5121 663 5178 pro
683 5103 912 5179 persecutoribus
950 5099 1163 5182 πιωοφρόιησεν]
1195 5103 1243 5161 Sic
1266 5102 1455 5180 Augustinus,

411 5183 492 5241 ‘suis
513 5190 628 5260 rogaret
647 5184 677 5241 in
701 5203 792 5250 eruce,
815 5191 846 5242 et
869 5183 912 5242 di·
951 5183 1045 5242 Traot.
1073 5199 1109 5258 25
1133 5184 1163 5241 in
1184 5183 1287 5242 Johan.
1310 5185 1361 5243 ool.
1388 5203 1454 5259 221,
