<?xml version="1.0" encoding="UTF-8"?>
<!DOCTYPE html PUBLIC "-//W3C//DTD XHTML 1.0 Transitional//EN"
    "http://www.w3.org/TR/xhtml1/DTD/xhtml1-transitional.dtd">
<html xmlns="http://www.w3.org/1999/xhtml" xml:lang="en" lang="en">
 <head>
  <title>
</title>
<meta http-equiv="Content-Type" content="text/html;charset=utf-8" />
  <meta name='ocr-system' content='tesseract 3.04.00' />
  <meta name='ocr-capabilities' content='ocr_page ocr_carea ocr_par ocr_line ocrx_word'/>
</head>
<body>
  <div class='ocr_page' id='page_1' title='image "./sclementisroman00polygoog_0238.png"; bbox 0 0 3250 6617; ppageno 0'>
   <div class='ocr_carea' id='block_1_1' title="bbox 386 1056 1060 1124">
    <p class='ocr_par' dir='ltr' id='par_1_1' title="bbox 386 1056 1060 1124">
     <span class='ocr_line' id='line_1_1' title="bbox 386 1056 1060 1124; baseline -0.004 -2"><span class='ocrx_word' id='word_1_1' title='bbox 386 1061 449 1124; x_wconf 82' lang='lat'><strong>150</strong></span> <span class='ocrx_word' id='word_1_2' title='bbox 754 1057 786 1120; x_wconf 89' lang='lat' dir='ltr'><strong>S.</strong></span> <span class='ocrx_word' id='word_1_3' title='bbox 803 1056 1060 1121; x_wconf 80' lang='lat' dir='ltr'>CLEMENTIS</span> 
     </span>
    </p>
   </div>
   <div class='ocr_carea' id='block_1_2' title="bbox 383 1226 1531 1846">
    <p class='ocr_par' dir='ltr' id='par_1_2' title="bbox 383 1226 1531 1846">
     <span class='ocr_line' id='line_1_2' title="bbox 383 1226 1428 1338; baseline -0.005 -27"><span class='ocrx_word' id='word_1_4' title='bbox 383 1231 649 1338; x_wconf 79' lang='grc' dir='ltr'>προσφέρονται</span> <span class='ocrx_word' id='word_1_5' title='bbox 676 1233 796 1311; x_wconf 83' lang='grc' dir='ltr'>θυσίαι</span> <span class='ocrx_word' id='word_1_6' title='bbox 823 1227 1123 1336; x_wconf 83' lang='grc' dir='ltr'>ἐνδελεχισμοῦ,ἢ</span> <span class='ocrx_word' id='word_1_7' title='bbox 1150 1231 1276 1334; x_wconf 81' lang='grc' dir='ltr'>εὐχῶν,</span> <span class='ocrx_word' id='word_1_8' title='bbox 1303 1226 1428 1331; x_wconf 77' lang='grc' dir='ltr'>ἢπερὶ</span> 
     </span>
     <span class='ocr_line' id='line_1_3' title="bbox 384 1354 1429 1462; baseline -0.003 -25"><span class='ocrx_word' id='word_1_9' title='bbox 384 1360 555 1462; x_wconf 84' lang='grc' dir='ltr'>ἁμαρτίας</span> <span class='ocrx_word' id='word_1_10' title='bbox 584 1363 641 1439; x_wconf 86' lang='grc' dir='ltr'><strong>καὶ</strong></span> <span class='ocrx_word' id='word_1_11' title='bbox 672 1361 915 1458; x_wconf 79' lang='grc' dir='ltr'>πλημμελίας,</span> <span class='ocrx_word' id='word_1_12' title='bbox 948 1359 1032 1437; x_wconf 84' lang='grc' dir='ltr'>ἀλλ’</span> <span class='ocrx_word' id='word_1_13' title='bbox 1064 1355 1086 1456; x_wconf 82' lang='grc' dir='ltr'>ἢ</span> <span class='ocrx_word' id='word_1_14' title='bbox 1118 1360 1156 1436; x_wconf 81' lang='grc' dir='ltr'>ἐν</span> <span class='ocrx_word' id='word_1_15' title='bbox 1186 1354 1429 1460; x_wconf 77' lang='grc' dir='ltr'>Ἰερουσαλὴμ</span> 
     </span>
     <span class='ocr_line' id='line_1_4' title="bbox 383 1483 1426 1593; baseline -0.002 -27"><span class='ocrx_word' id='word_1_16' title='bbox 383 1487 486 1592; x_wconf 76' lang='grc' dir='ltr'>μόνη·</span> <span class='ocrx_word' id='word_1_17' title='bbox 515 1483 665 1565; x_wconf 79' lang='grc' dir='ltr'>κάκεῖδέ</span> <span class='ocrx_word' id='word_1_18' title='bbox 684 1488 746 1565; x_wconf 80' lang='grc' dir='ltr'><strong>οὐκ</strong></span> <span class='ocrx_word' id='word_1_19' title='bbox 763 1488 800 1564; x_wconf 83' lang='grc' dir='ltr'>ἐν</span> <span class='ocrx_word' id='word_1_20' title='bbox 818 1490 925 1566; x_wconf 84' lang='grc' dir='ltr'>παντὶ</span> <span class='ocrx_word' id='word_1_21' title='bbox 948 1483 1047 1593; x_wconf 80' lang='grc' dir='ltr'>τόπερ</span> <span class='ocrx_word' id='word_1_22' title='bbox 1069 1485 1323 1592; x_wconf 73' lang='grc' dir='ltr'>προσφέρεται,</span> <span class='ocrx_word' id='word_1_23' title='bbox 1340 1484 1426 1564; x_wconf 81' lang='grc' dir='ltr'>ἀλλ’</span> 
     </span>
     <span class='ocr_line' id='line_1_5' title="bbox 384 1609 1425 1721; baseline -0.005 -27"><span class='ocrx_word' id='word_1_24' title='bbox 384 1616 585 1721; x_wconf 78' lang='grc' dir='ltr'>ἔμπροσθεν</span> <span class='ocrx_word' id='word_1_25' title='bbox 612 1623 676 1693; x_wconf 82' lang='grc' dir='ltr'><strong>τοῦ</strong></span> <span class='ocrx_word' id='word_1_26' title='bbox 705 1623 791 1694; x_wconf 82' lang='grc' dir='ltr'>ναοῦ</span> <span class='ocrx_word' id='word_1_27' title='bbox 818 1611 909 1717; x_wconf 76' lang='grc' dir='ltr'>πρὸς</span> <span class='ocrx_word' id='word_1_28' title='bbox 937 1610 979 1693; x_wconf 77' lang='grc' dir='ltr'><strong>τὸ</strong></span> <span class='ocrx_word' id='word_1_29' title='bbox 1008 1609 1274 1715; x_wconf 81' lang='grc' dir='ltr'>θυσιαστήριον,</span> <span class='ocrx_word' id='word_1_30' title='bbox 1302 1645 1425 1711; x_wconf 81' lang='grc' dir='ltr'>μοιμο-</span> 
     </span>
     <span class='ocr_line' id='line_1_6' title="bbox 384 1737 1531 1846; baseline -0.005 -24"><span class='ocrx_word' id='word_1_31' title='bbox 384 1743 565 1842; x_wconf 82' lang='grc' dir='ltr'>σκαπηθέν</span> <span class='ocrx_word' id='word_1_32' title='bbox 591 1739 633 1821; x_wconf 79' lang='grc' dir='ltr'><strong>τὸ</strong></span> <span class='ocrx_word' id='word_1_33' title='bbox 665 1740 960 1846; x_wconf 85' lang='grc' dir='ltr'>προσφερόμενον</span> <span class='ocrx_word' id='word_1_34' title='bbox 987 1738 1044 1818; x_wconf 80' lang='grc' dir='ltr'><strong>διὰ</strong></span> <span class='ocrx_word' id='word_1_35' title='bbox 1072 1747 1135 1819; x_wconf 80' lang='grc' dir='ltr'><strong>τοῦ</strong></span> <span class='ocrx_word' id='word_1_36' title='bbox 1161 1737 1347 1844; x_wconf 72' lang='grc' dir='ltr'>ἀρχιερέως</span> <span class='ocrx_word' id='word_1_37' title='bbox 1370 1742 1531 1828; x_wconf 55' lang='grc' dir='ltr'><strong>καὶῆ</strong></span> 
     </span>
    </p>
   </div>
   <div class='ocr_carea' id='block_1_3' title="bbox 380 1999 1432 5259">
    <p class='ocr_par' dir='ltr' id='par_1_3' title="bbox 380 1999 1432 5259">
     <span class='ocr_line' id='line_1_7' title="bbox 384 1999 1426 2080; baseline -0.005 -18"><span class='ocrx_word' id='word_1_38' title='bbox 384 2004 403 2063; x_wconf 85' lang='grc' dir='ltr'><strong>Ι.</strong></span> <span class='ocrx_word' id='word_1_39' title='bbox 423 2019 450 2078; x_wconf 90' lang='lat'><strong>5,</strong></span> <span class='ocrx_word' id='word_1_40' title='bbox 471 2009 515 2062; x_wconf 84' lang='grc' dir='ltr'>τὸν</span> <span class='ocrx_word' id='word_1_41' title='bbox 535 2051 541 2063; x_wconf 95' lang='grc'><strong>.</strong></span> <span class='ocrx_word' id='word_1_42' title='bbox 560 2050 566 2063; x_wconf 94' lang='grc'><strong><em>.</em></strong></span> <span class='ocrx_word' id='word_1_43' title='bbox 583 2049 589 2061; x_wconf 94' lang='grc'><strong><em>.</em></strong></span> <span class='ocrx_word' id='word_1_44' title='bbox 608 2011 652 2077; x_wconf 81' lang='grc' dir='ltr'><strong>τῆς</strong></span> <span class='ocrx_word' id='word_1_45' title='bbox 675 2009 748 2080; x_wconf 79' lang='grc' dir='ltr'>ἁγίας</span> <span class='ocrx_word' id='word_1_46' title='bbox 771 2006 886 2075; x_wconf 80' lang='grc' dir='ltr'>κλίησευς</span> <span class='ocrx_word' id='word_1_47' title='bbox 916 2003 993 2080; x_wconf 71' lang='lat' dir='ltr'><strong>ficia</strong></span> <span class='ocrx_word' id='word_1_48' title='bbox 1004 2002 1150 2062; x_wconf 58' lang='lat' dir='ltr'><strong>saltuem</strong></span> <span class='ocrx_word' id='word_1_49' title='bbox 1167 2000 1235 2074; x_wconf 72' lang='lat' dir='ltr'>sint,</span> <span class='ocrx_word' id='word_1_50' title='bbox 1249 1999 1306 2059; x_wconf 66' lang='lat' dir='ltr'>ists</span> <span class='ocrx_word' id='word_1_51' title='bbox 1325 2018 1426 2076; x_wconf 77' lang='lat' dir='ltr'><strong>nempe</strong></span> 
     </span>
     <span class='ocr_line' id='line_1_8' title="bbox 384 2081 1424 2163; baseline -0.002 -21"><span class='ocrx_word' id='word_1_52' title='bbox 384 2088 453 2158; x_wconf 70' lang='grc' dir='ltr'>ἡμῶν</span> <span class='ocrx_word' id='word_1_53' title='bbox 466 2092 561 2144; x_wconf 77' lang='grc' dir='ltr'>κανόνα</span> <span class='ocrx_word' id='word_1_54' title='bbox 927 2105 999 2163; x_wconf 83' lang='lat' dir='ltr'>quse</span> <span class='ocrx_word' id='word_1_55' title='bbox 1018 2105 1053 2143; x_wconf 79' lang='grc' dir='ltr'><strong>ια</strong></span> <span class='ocrx_word' id='word_1_56' title='bbox 1072 2093 1134 2141; x_wconf 79' lang='lat' dir='ltr'><strong>voto</strong></span> <span class='ocrx_word' id='word_1_57' title='bbox 1154 2082 1321 2153; x_wconf 82' lang='lat' dir='ltr'><strong>offeruntur,</strong></span> <span class='ocrx_word' id='word_1_58' title='bbox 1335 2081 1424 2140; x_wconf 67' lang='lat' dir='ltr'><strong>levit</strong></span> 
     </span>
     <span class='ocr_line' id='line_1_9' title="bbox 429 2164 1425 2247; baseline -0.003 -22"><span class='ocrx_word' id='word_1_59' title='bbox 429 2188 452 2225; x_wconf 91' lang='lat'><strong>1.</strong></span> <span class='ocrx_word' id='word_1_60' title='bbox 468 2171 658 2241; x_wconf 79' lang='grc' dir='ltr'>προσφέρονται</span> <span class='ocrx_word' id='word_1_61' title='bbox 672 2191 693 2225; x_wconf 81' lang='grc' dir='ltr'><strong>ιε.</strong></span> <span class='ocrx_word' id='word_1_62' title='bbox 709 2193 735 2226; x_wconf 87' lang='grc' dir='ltr'><strong>τ.</strong></span> <span class='ocrx_word' id='word_1_63' title='bbox 746 2164 786 2247; x_wconf 86' lang='grc' dir='ltr'><strong>λ]</strong></span> <span class='ocrx_word' id='word_1_64' title='bbox 805 2167 886 2225; x_wconf 86' lang='lat' dir='ltr'><strong>Win·</strong></span> <span class='ocrx_word' id='word_1_65' title='bbox 925 2167 965 2226; x_wconf 79' lang='lat' dir='ltr'><strong>vii</strong></span> <span class='ocrx_word' id='word_1_66' title='bbox 987 2169 1013 2225; x_wconf 89' lang='lat'><strong>6.</strong></span> <span class='ocrx_word' id='word_1_67' title='bbox 1036 2164 1145 2223; x_wconf 85' lang='lat' dir='ltr'><strong>MILL.</strong></span> <span class='ocrx_word' id='word_1_68' title='bbox 1187 2167 1280 2221; x_wconf 78' lang='grc' dir='ltr'>θυσίαν</span> <span class='ocrx_word' id='word_1_69' title='bbox 1300 2166 1425 2227; x_wconf 64' lang='grc' dir='ltr'>αἰνέσεως.</span> 
     </span>
     <span class='ocr_line' id='line_1_10' title="bbox 384 2244 1423 2326; baseline -0.006 -18"><span class='ocrx_word' id='word_1_70' title='bbox 384 2248 593 2321; x_wconf 81' lang='lat' dir='ltr'>disehmannus,</span> <span class='ocrx_word' id='word_1_71' title='bbox 607 2270 633 2326; x_wconf 90' lang='lat' dir='ltr'><strong>p.</strong></span> <span class='ocrx_word' id='word_1_72' title='bbox 648 2264 694 2323; x_wconf 86' lang='lat'><strong>54,</strong></span> <span class='ocrx_word' id='word_1_73' title='bbox 705 2256 804 2308; x_wconf 88' lang='lat' dir='ltr'><strong>monet</strong></span> <span class='ocrx_word' id='word_1_74' title='bbox 817 2249 887 2308; x_wconf 85' lang='lat' dir='ltr'><strong>haee</strong></span> <span class='ocrx_word' id='word_1_75' title='bbox 927 2250 993 2307; x_wconf 84' lang='lat' dir='ltr'>Psl</span> <span class='ocrx_word' id='word_1_76' title='bbox 1010 2268 1055 2319; x_wconf 84' lang='lat'><strong>14,</strong></span> <span class='ocrx_word' id='word_1_77' title='bbox 1070 2246 1125 2305; x_wconf 85' lang='lat' dir='ltr'><strong>cvii</strong></span> <span class='ocrx_word' id='word_1_78' title='bbox 1137 2265 1184 2317; x_wconf 88' lang='lat'><strong>22,</strong></span> <span class='ocrx_word' id='word_1_79' title='bbox 1198 2245 1262 2305; x_wconf 79' lang='lat' dir='ltr'>cxvi</span> <span class='ocrx_word' id='word_1_80' title='bbox 1276 2259 1322 2320; x_wconf 72' lang='grc' dir='ltr'><strong>ιη,</strong></span> <span class='ocrx_word' id='word_1_81' title='bbox 1336 2244 1423 2303; x_wconf 88' lang='lat' dir='ltr'><strong>Hebr.</strong></span> 
     </span>
     <span class='ocr_line' id='line_1_11' title="bbox 384 2329 1040 2408; baseline -0.002 -20"><span class='ocrx_word' id='word_1_82' title='bbox 384 2329 563 2390; x_wconf 78' lang='lat' dir='ltr'><strong>aOEemente</strong></span> <span class='ocrx_word' id='word_1_83' title='bbox 579 2330 700 2408; x_wconf 86' lang='lat' dir='ltr'><strong>proferri</strong></span> <span class='ocrx_word' id='word_1_84' title='bbox 719 2331 836 2408; x_wconf 90' lang='lat' dir='ltr'><strong>quidem</strong></span> <span class='ocrx_word' id='word_1_85' title='bbox 856 2331 887 2388; x_wconf 93' lang='lat' dir='ltr'><strong>in</strong></span> <span class='ocrx_word' id='word_1_86' title='bbox 927 2330 979 2388; x_wconf 86' lang='lat' dir='ltr'>xiii</span> <span class='ocrx_word' id='word_1_87' title='bbox 997 2344 1040 2403; x_wconf 90' lang='lat'><strong>15.</strong></span> 
     </span>
     <span class='ocr_line' id='line_1_12' title="bbox 384 2408 1427 2490; baseline -0.004 -20"><span class='ocrx_word' id='word_1_88' title='bbox 384 2413 535 2490; x_wconf 77' lang='lat' dir='ltr'><strong>praesenti,</strong></span> <span class='ocrx_word' id='word_1_89' title='bbox 557 2412 674 2470; x_wconf 85' lang='lat' dir='ltr'><strong>sedhic</strong></span> <span class='ocrx_word' id='word_1_90' title='bbox 698 2431 830 2490; x_wconf 80' lang='lat' dir='ltr'><strong>praesens</strong></span> <span class='ocrx_word' id='word_1_91' title='bbox 850 2413 887 2469; x_wconf 82' lang='lat' dir='ltr'><strong>nd</strong></span> <span class='ocrx_word' id='word_1_92' title='bbox 970 2431 995 2469; x_wconf 91' lang='lat'><strong>2.</strong></span> <span class='ocrx_word' id='word_1_93' title='bbox 1015 2410 1187 2485; x_wconf 63' lang='grc' dir='ltr'>πλημμελῶς]</span> <span class='ocrx_word' id='word_1_94' title='bbox 1209 2409 1293 2467; x_wconf 86' lang='lat' dir='ltr'><strong>Hsne</strong></span> <span class='ocrx_word' id='word_1_95' title='bbox 1307 2408 1427 2467; x_wconf 73' lang='lat' dir='ltr'><strong>formum</strong></span> 
     </span>
     <span class='ocr_line' id='line_1_13' title="bbox 384 2489 1424 2572; baseline -0.003 -21"><span class='ocrx_word' id='word_1_96' title='bbox 384 2494 603 2572; x_wconf 80' lang='lat' dir='ltr'>significandum</span> <span class='ocrx_word' id='word_1_97' title='bbox 635 2514 720 2552; x_wconf 86' lang='lat' dir='ltr'>usum</span> <span class='ocrx_word' id='word_1_98' title='bbox 766 2494 888 2571; x_wconf 72' lang='lat' dir='ltr'><strong>legalem</strong></span> <span class='ocrx_word' id='word_1_99' title='bbox 928 2493 1057 2552; x_wconf 85' lang='lat' dir='ltr'><strong>Ionieam</strong></span> <span class='ocrx_word' id='word_1_100' title='bbox 1070 2490 1187 2551; x_wconf 84' lang='lat' dir='ltr'><strong>exhibet</strong></span> <span class='ocrx_word' id='word_1_101' title='bbox 1201 2490 1313 2550; x_wconf 76' lang='lat' dir='ltr'>MStns</span> <span class='ocrx_word' id='word_1_102' title='bbox 1354 2489 1424 2549; x_wconf 84' lang='lat' dir='ltr'><strong>Edd</strong></span> 
     </span>
     <span class='ocr_line' id='line_1_14' title="bbox 384 2571 1427 2652; baseline -0.005 -18"><span class='ocrx_word' id='word_1_103' title='bbox 384 2584 555 2652; x_wconf 81' lang='lat' dir='ltr'>usurpatum</span> <span class='ocrx_word' id='word_1_104' title='bbox 582 2596 660 2635; x_wconf 83' lang='lat' dir='ltr'><strong>esse:</strong></span> <span class='ocrx_word' id='word_1_105' title='bbox 696 2595 753 2634; x_wconf 94' lang='lat' dir='ltr'><strong>non</strong></span> <span class='ocrx_word' id='word_1_106' title='bbox 780 2576 886 2652; x_wconf 91' lang='lat' dir='ltr'>ubique</span> <span class='ocrx_word' id='word_1_107' title='bbox 925 2582 1040 2635; x_wconf 80' lang='lat' dir='ltr'><strong>tantum</strong></span> <span class='ocrx_word' id='word_1_108' title='bbox 1053 2593 1111 2632; x_wconf 93' lang='lat' dir='ltr'><strong>non</strong></span> <span class='ocrx_word' id='word_1_109' title='bbox 1129 2591 1227 2632; x_wconf 86' lang='lat' dir='ltr'><strong>ornnes</strong></span> <span class='ocrx_word' id='word_1_110' title='bbox 1241 2571 1427 2650; x_wconf 69' lang='lat' dir='ltr'>marginisp.</span> 
     </span>
     <span class='ocr_line' id='line_1_15' title="bbox 385 2653 1425 2734; baseline -0.006 -18"><span class='ocrx_word' id='word_1_111' title='bbox 385 2657 544 2716; x_wconf 78' lang='lat' dir='ltr'><strong>offeruntru</strong></span> <span class='ocrx_word' id='word_1_112' title='bbox 571 2657 690 2730; x_wconf 75' lang='lat' dir='ltr'>hostiae,</span> <span class='ocrx_word' id='word_1_113' title='bbox 715 2657 765 2716; x_wconf 89' lang='lat' dir='ltr'><strong>sed</strong></span> <span class='ocrx_word' id='word_1_114' title='bbox 793 2657 886 2715; x_wconf 88' lang='lat' dir='ltr'>solum</span> <span class='ocrx_word' id='word_1_115' title='bbox 926 2663 1038 2734; x_wconf 87' lang='lat' dir='ltr'><strong>ponunt</strong></span> <span class='ocrx_word' id='word_1_116' title='bbox 1058 2658 1239 2728; x_wconf 75' lang='grc' dir='ltr'>πλημμελείας,</span> <span class='ocrx_word' id='word_1_117' title='bbox 1261 2653 1351 2713; x_wconf 85' lang='lat' dir='ltr'><strong>etsie</strong></span> <span class='ocrx_word' id='word_1_118' title='bbox 1372 2653 1425 2711; x_wconf 80' lang='lat' dir='ltr'><strong>for-</strong></span> 
     </span>
     <span class='ocr_line' id='line_1_16' title="bbox 387 2736 1428 2816; baseline -0.003 -20"><span class='ocrx_word' id='word_1_119' title='bbox 387 2738 596 2816; x_wconf 88' lang='lat' dir='ltr'>Hierosolymis</span> <span class='ocrx_word' id='word_1_120' title='bbox 609 2760 646 2797; x_wconf 84' lang='lat' dir='ltr'><strong>se.</strong></span> <span class='ocrx_word' id='word_1_121' title='bbox 661 2739 735 2798; x_wconf 92' lang='lat' dir='ltr'><strong>utin</strong></span> <span class='ocrx_word' id='word_1_122' title='bbox 750 2739 778 2797; x_wconf 79' lang='lat' dir='ltr'><strong>S.</strong></span> <span class='ocrx_word' id='word_1_123' title='bbox 792 2738 887 2815; x_wconf 82' lang='lat' dir='ltr'><strong>Serip-</strong></span> <span class='ocrx_word' id='word_1_124' title='bbox 926 2737 1001 2797; x_wconf 77' lang='lat' dir='ltr'>sitan</span> <span class='ocrx_word' id='word_1_125' title='bbox 1023 2736 1151 2812; x_wconf 87' lang='lat' dir='ltr'><strong>reetius;</strong></span> <span class='ocrx_word' id='word_1_126' title='bbox 1180 2756 1249 2796; x_wconf 87' lang='lat' dir='ltr'>nsm</span> <span class='ocrx_word' id='word_1_127' title='bbox 1269 2745 1303 2792; x_wconf 76' lang='lat' dir='ltr'><strong>El</strong></span> <span class='ocrx_word' id='word_1_128' title='bbox 1328 2741 1358 2795; x_wconf 86' lang='lat' dir='ltr'><strong>et</strong></span> <span class='ocrx_word' id='word_1_129' title='bbox 1379 2745 1428 2793; x_wconf 73' lang='lat'><strong>12</strong></span> 
     </span>
     <span class='ocr_line' id='line_1_17' title="bbox 385 2817 1427 2898; baseline -0.002 -20"><span class='ocrx_word' id='word_1_130' title='bbox 385 2820 459 2878; x_wconf 87' lang='lat' dir='ltr'>turis</span> <span class='ocrx_word' id='word_1_131' title='bbox 472 2820 601 2898; x_wconf 84' lang='lat' dir='ltr'>legimus,</span> <span class='ocrx_word' id='word_1_132' title='bbox 616 2840 673 2897; x_wconf 87' lang='lat' dir='ltr'><strong>quo</strong></span> <span class='ocrx_word' id='word_1_133' title='bbox 691 2821 825 2897; x_wconf 89' lang='lat' dir='ltr'><strong>loquendi</strong></span> <span class='ocrx_word' id='word_1_134' title='bbox 839 2840 887 2898; x_wconf 83' lang='lat' dir='ltr'><strong>ge·</strong></span> <span class='ocrx_word' id='word_1_135' title='bbox 926 2819 1044 2878; x_wconf 79' lang='lat' dir='ltr'><strong>librario</strong></span> <span class='ocrx_word' id='word_1_136' title='bbox 1062 2829 1161 2880; x_wconf 88' lang='lat' dir='ltr'><strong>nostro</strong></span> <span class='ocrx_word' id='word_1_137' title='bbox 1181 2817 1346 2896; x_wconf 68' lang='lat' dir='ltr'>saepissime</span> <span class='ocrx_word' id='word_1_138' title='bbox 1365 2834 1427 2894; x_wconf 83' lang='lat' dir='ltr'><strong>per·</strong></span> 
     </span>
     <span class='ocr_line' id='line_1_18' title="bbox 386 2902 1083 2978; baseline 0 -19"><span class='ocrx_word' id='word_1_139' title='bbox 386 2921 454 2960; x_wconf 85' lang='lat' dir='ltr'><strong>nere</strong></span> <span class='ocrx_word' id='word_1_140' title='bbox 482 2902 568 2961; x_wconf 86' lang='lat' dir='ltr'><strong>etism</strong></span> <span class='ocrx_word' id='word_1_141' title='bbox 590 2921 641 2960; x_wconf 88' lang='lat' dir='ltr'>nos</span> <span class='ocrx_word' id='word_1_142' title='bbox 663 2902 707 2961; x_wconf 93' lang='lat' dir='ltr'><strong>uti</strong></span> <span class='ocrx_word' id='word_1_143' title='bbox 731 2922 885 2978; x_wconf 77' lang='lat' dir='ltr'>possemus,</span> <span class='ocrx_word' id='word_1_144' title='bbox 926 2909 1083 2961; x_wconf 74' lang='lat' dir='ltr'><strong>mutantur.</strong></span> 
     </span>
     <span class='ocr_line' id='line_1_19' title="bbox 386 2983 1429 3060; baseline -0.003 -20"><span class='ocrx_word' id='word_1_145' title='bbox 386 2983 436 3060; x_wconf 91' lang='lat' dir='ltr'><strong>qui</strong></span> <span class='ocrx_word' id='word_1_146' title='bbox 453 3003 471 3040; x_wconf 85' lang='lat' dir='ltr'>s</span> <span class='ocrx_word' id='word_1_147' title='bbox 484 2983 687 3041; x_wconf 80' lang='lat' dir='ltr'>sacrificiorum</span> <span class='ocrx_word' id='word_1_148' title='bbox 700 2983 887 3042; x_wconf 80' lang='lat' dir='ltr'><strong>Judnieorurn</strong></span> <span class='ocrx_word' id='word_1_149' title='bbox 967 2983 1005 3041; x_wconf 92' lang='lat' dir='ltr'><strong>ib.</strong></span> <span class='ocrx_word' id='word_1_150' title='bbox 1033 2984 1092 3039; x_wconf 78' lang='grc' dir='ltr'>ἄλλ’</span> <span class='ocrx_word' id='word_1_151' title='bbox 1116 2985 1131 3055; x_wconf 69' lang='grc' dir='ltr'>η</span> <span class='ocrx_word' id='word_1_152' title='bbox 1153 2985 1181 3039; x_wconf 69' lang='grc' dir='ltr'>ἐν</span> <span class='ocrx_word' id='word_1_153' title='bbox 1202 2983 1371 3054; x_wconf 62' lang='grc' dir='ltr'>Ἰερουσαλὴμ</span> <span class='ocrx_word' id='word_1_154' title='bbox 1413 2985 1429 3051; x_wconf 70' lang='grc'><strong><em>4</em></strong></span> 
     </span>
     <span class='ocr_line' id='line_1_20' title="bbox 386 3062 1376 3143; baseline -0.002 -22"><span class='ocrx_word' id='word_1_155' title='bbox 386 3063 443 3123; x_wconf 86' lang='lat' dir='ltr'><strong>fine</strong></span> <span class='ocrx_word' id='word_1_156' title='bbox 473 3064 535 3143; x_wconf 84' lang='lat' dir='ltr'><strong>jem</strong></span> <span class='ocrx_word' id='word_1_157' title='bbox 561 3072 606 3124; x_wconf 88' lang='lat' dir='ltr'><strong>tot</strong></span> <span class='ocrx_word' id='word_1_158' title='bbox 634 3065 753 3123; x_wconf 81' lang='lat' dir='ltr'>saeculis</span> <span class='ocrx_word' id='word_1_159' title='bbox 783 3064 887 3124; x_wconf 88' lang='lat' dir='ltr'><strong>remoti</strong></span> <span class='ocrx_word' id='word_1_160' title='bbox 927 3064 1073 3123; x_wconf 87' lang='lat' dir='ltr'><strong>omittitur</strong></span> <span class='ocrx_word' id='word_1_161' title='bbox 1113 3065 1145 3122; x_wconf 90' lang='lat' dir='ltr'><strong>in</strong></span> <span class='ocrx_word' id='word_1_162' title='bbox 1183 3062 1257 3121; x_wconf 86' lang='lat' dir='ltr'><strong>Edd</strong></span> <span class='ocrx_word' id='word_1_163' title='bbox 1296 3080 1376 3120; x_wconf 76' lang='lat' dir='ltr'>onim</span> 
     </span>
     <span class='ocr_line' id='line_1_21' title="bbox 386 3142 1426 3224; baseline -0.003 -21"><span class='ocrx_word' id='word_1_164' title='bbox 386 3165 493 3203; x_wconf 77' lang='lat' dir='ltr'>erimus.</span> <span class='ocrx_word' id='word_1_165' title='bbox 927 3154 1041 3224; x_wconf 76' lang='lat' dir='ltr'><strong>praeter</strong></span> <span class='ocrx_word' id='word_1_166' title='bbox 1053 3146 1143 3206; x_wconf 89' lang='lat' dir='ltr'><strong>Wott.</strong></span> <span class='ocrx_word' id='word_1_167' title='bbox 1162 3143 1292 3205; x_wconf 79' lang='lat' dir='ltr'><strong>Gellsnd.</strong></span> <span class='ocrx_word' id='word_1_168' title='bbox 1309 3142 1426 3202; x_wconf 62' lang='lat' dir='ltr'>&amp;hosi</span> 
     </span>
     <span class='ocr_line' id='line_1_22' title="bbox 427 3223 1426 3307; baseline -0.004 -22"><span class='ocrx_word' id='word_1_169' title='bbox 427 3228 465 3285; x_wconf 94' lang='lat' dir='ltr'><strong>ib.</strong></span> <span class='ocrx_word' id='word_1_170' title='bbox 488 3224 680 3307; x_wconf 74' lang='grc' dir='ltr'>ἐνδελεχισροῦ]</span> <span class='ocrx_word' id='word_1_171' title='bbox 708 3228 799 3286; x_wconf 83' lang='lat' dir='ltr'><strong>Exod.</strong></span> <span class='ocrx_word' id='word_1_172' title='bbox 816 3229 887 3286; x_wconf 88' lang='lat' dir='ltr'>xxix</span> <span class='ocrx_word' id='word_1_173' title='bbox 929 3223 1426 3304; x_wconf 80' lang='lat' dir='ltr'><strong>Hefel.Reithmeyr.etDresselium.</strong></span> 
     </span>
     <span class='ocr_line' id='line_1_23' title="bbox 388 3302 1428 3387; baseline -0.002 -21"><span class='ocrx_word' id='word_1_174' title='bbox 388 3327 436 3380; x_wconf 87' lang='lat'><strong>42,</strong></span> <span class='ocrx_word' id='word_1_175' title='bbox 458 3309 539 3367; x_wconf 88' lang='lat' dir='ltr'><strong>Esdr.</strong></span> <span class='ocrx_word' id='word_1_176' title='bbox 555 3309 587 3366; x_wconf 93' lang='lat' dir='ltr'><strong>iii</strong></span> <span class='ocrx_word' id='word_1_177' title='bbox 601 3324 628 3381; x_wconf 92' lang='lat'><strong>5,</strong></span> <span class='ocrx_word' id='word_1_178' title='bbox 650 3309 724 3367; x_wconf 92' lang='lat' dir='ltr'><strong>Neh.</strong></span> <span class='ocrx_word' id='word_1_179' title='bbox 742 3329 762 3366; x_wconf 88' lang='lat' dir='ltr'>x</span> <span class='ocrx_word' id='word_1_180' title='bbox 780 3329 827 3383; x_wconf 82' lang='lat'><strong>33,</strong></span> <span class='ocrx_word' id='word_1_181' title='bbox 841 3313 886 3367; x_wconf 83' lang='grc' dir='ltr'><strong>θυ-</strong></span> <span class='ocrx_word' id='word_1_182' title='bbox 970 3330 996 3381; x_wconf 83' lang='lat'><strong>4.</strong></span> <span class='ocrx_word' id='word_1_183' title='bbox 1016 3302 1308 3387; x_wconf 76' lang='grc' dir='ltr'>ἕμπροσθιντοῦναοῦ]</span> <span class='ocrx_word' id='word_1_184' title='bbox 1333 3326 1428 3364; x_wconf 73' lang='lat' dir='ltr'><strong>eom</strong></span> 
     </span>
     <span class='ocr_line' id='line_1_24' title="bbox 388 3387 1429 3467; baseline -0.003 -20"><span class='ocrx_word' id='word_1_185' title='bbox 388 3394 433 3447; x_wconf 88' lang='grc' dir='ltr'><strong>σία</strong></span> <span class='ocrx_word' id='word_1_186' title='bbox 453 3397 498 3446; x_wconf 80' lang='grc' dir='ltr'><strong>τοῦ</strong></span> <span class='ocrx_word' id='word_1_187' title='bbox 517 3394 697 3463; x_wconf 80' lang='grc' dir='ltr'>ἐνδελεχισμοῦ</span> <span class='ocrx_word' id='word_1_188' title='bbox 715 3391 890 3467; x_wconf 66' lang='lat' dir='ltr'><strong>sdewficimn</strong></span> <span class='ocrx_word' id='word_1_189' title='bbox 932 3391 1055 3467; x_wconf 71' lang='lat' dir='ltr'><strong>Templo.</strong></span> <span class='ocrx_word' id='word_1_190' title='bbox 1091 3391 1206 3449; x_wconf 77' lang='lat' dir='ltr'><strong>Atrium</strong></span> <span class='ocrx_word' id='word_1_191' title='bbox 1220 3387 1298 3448; x_wconf 76' lang='lat' dir='ltr'><strong>enim</strong></span> <span class='ocrx_word' id='word_1_192' title='bbox 1310 3387 1429 3446; x_wconf 72' lang='lat' dir='ltr'><strong>interius</strong></span> 
     </span>
     <span class='ocr_line' id='line_1_25' title="bbox 380 3471 1428 3550; baseline -0.003 -20"><span class='ocrx_word' id='word_1_193' title='bbox 380 3471 452 3548; x_wconf 76' lang='grc' dir='ltr'>ρἰιρι</span> <span class='ocrx_word' id='word_1_194' title='bbox 468 3481 493 3529; x_wconf 83' lang='lat' dir='ltr'><strong>et</strong></span> <span class='ocrx_word' id='word_1_195' title='bbox 513 3473 699 3530; x_wconf 75' lang='lat' dir='ltr'><strong>cotidianmn.</strong></span> <span class='ocrx_word' id='word_1_196' title='bbox 742 3473 888 3549; x_wconf 83' lang='lat' dir='ltr'>Chrysost.</span> <span class='ocrx_word' id='word_1_197' title='bbox 930 3481 1042 3531; x_wconf 78' lang='lat' dir='ltr'><strong>constet</strong></span> <span class='ocrx_word' id='word_1_198' title='bbox 1060 3492 1097 3530; x_wconf 81' lang='lat' dir='ltr'><strong>en</strong></span> <span class='ocrx_word' id='word_1_199' title='bbox 1115 3477 1174 3550; x_wconf 71' lang='grc' dir='ltr'>ναῷ,</span> <span class='ocrx_word' id='word_1_200' title='bbox 1194 3478 1277 3548; x_wconf 79' lang='lat' dir='ltr'><strong>perte</strong></span> <span class='ocrx_word' id='word_1_201' title='bbox 1295 3477 1382 3540; x_wconf 68' lang='lat' dir='ltr'><strong>tecte,</strong></span> <span class='ocrx_word' id='word_1_202' title='bbox 1399 3477 1428 3527; x_wconf 85' lang='lat' dir='ltr'><strong>et</strong></span> 
     </span>
     <span class='ocr_line' id='line_1_26' title="bbox 389 3549 1429 3630; baseline -0.001 -20"><span class='ocrx_word' id='word_1_203' title='bbox 389 3553 475 3611; x_wconf 76' lang='lat' dir='ltr'><strong>Hom</strong></span> <span class='ocrx_word' id='word_1_204' title='bbox 492 3553 523 3610; x_wconf 82' lang='lat' dir='ltr'><strong>iii</strong></span> <span class='ocrx_word' id='word_1_205' title='bbox 544 3554 606 3611; x_wconf 79' lang='lat' dir='ltr'><strong>udv.</strong></span> <span class='ocrx_word' id='word_1_206' title='bbox 623 3554 690 3611; x_wconf 86' lang='lat' dir='ltr'><strong>Jud.</strong></span> <span class='ocrx_word' id='word_1_207' title='bbox 711 3557 890 3627; x_wconf 76' lang='grc' dir='ltr'>ἐνδελεχισμὸν</span> <span class='ocrx_word' id='word_1_208' title='bbox 930 3556 1111 3630; x_wconf 74' lang='grc' dir='ltr'>θυσιαστηρίῳ,</span> <span class='ocrx_word' id='word_1_209' title='bbox 1139 3573 1189 3611; x_wconf 77' lang='lat' dir='ltr'><strong>seu</strong></span> <span class='ocrx_word' id='word_1_210' title='bbox 1222 3552 1297 3611; x_wconf 69' lang='lat' dir='ltr'><strong>atrio</strong></span> <span class='ocrx_word' id='word_1_211' title='bbox 1332 3549 1429 3609; x_wconf 60' lang='lat' dir='ltr'><strong>altari!</strong></span> 
     </span>
     <span class='ocr_line' id='line_1_27' title="bbox 387 3631 1429 3712; baseline 0.001 -23"><span class='ocrx_word' id='word_1_212' title='bbox 387 3637 522 3709; x_wconf 79' lang='grc' dir='ltr'>λίγαντὰς</span> <span class='ocrx_word' id='word_1_213' title='bbox 532 3641 648 3708; x_wconf 84' lang='grc' dir='ltr'>συνεχεῖς</span> <span class='ocrx_word' id='word_1_214' title='bbox 658 3637 748 3693; x_wconf 88' lang='grc' dir='ltr'>θυσίας</span> <span class='ocrx_word' id='word_1_215' title='bbox 761 3640 801 3692; x_wconf 75' lang='grc' dir='ltr'><strong>καὶ</strong></span> <span class='ocrx_word' id='word_1_216' title='bbox 815 3639 889 3706; x_wconf 83' lang='grc' dir='ltr'>καθη-</span> <span class='ocrx_word' id='word_1_217' title='bbox 929 3642 1037 3712; x_wconf 73' lang='lat' dir='ltr'><strong>aperto,</strong></span> <span class='ocrx_word' id='word_1_218' title='bbox 1070 3643 1100 3693; x_wconf 79' lang='lat' dir='ltr'><strong>et</strong></span> <span class='ocrx_word' id='word_1_219' title='bbox 1126 3635 1188 3692; x_wconf 75' lang='lat' dir='ltr'><strong>sine</strong></span> <span class='ocrx_word' id='word_1_220' title='bbox 1213 3641 1298 3693; x_wconf 74' lang='lat' dir='ltr'><strong>tecto.</strong></span> <span class='ocrx_word' id='word_1_221' title='bbox 1356 3631 1429 3691; x_wconf 74' lang='lat' dir='ltr'><strong>Vide</strong></span> 
     </span>
     <span class='ocr_line' id='line_1_28' title="bbox 387 3713 1429 3793; baseline -0.001 -21"><span class='ocrx_word' id='word_1_222' title='bbox 387 3722 496 3790; x_wconf 78' lang='grc' dir='ltr'>μερινάς,</span> <span class='ocrx_word' id='word_1_223' title='bbox 520 3725 553 3775; x_wconf 92' lang='lat' dir='ltr'><strong>ut</strong></span> <span class='ocrx_word' id='word_1_224' title='bbox 577 3736 690 3793; x_wconf 86' lang='lat' dir='ltr'>quoque</span> <span class='ocrx_word' id='word_1_225' title='bbox 713 3724 851 3775; x_wconf 84' lang='lat' dir='ltr'><strong>voeentur</strong></span> <span class='ocrx_word' id='word_1_226' title='bbox 872 3737 890 3774; x_wconf 86' lang='lat' dir='ltr'>s</span> <span class='ocrx_word' id='word_1_227' title='bbox 929 3717 1033 3777; x_wconf 86' lang='lat' dir='ltr'><strong>Mstth.</strong></span> <span class='ocrx_word' id='word_1_228' title='bbox 1061 3715 1133 3774; x_wconf 81' lang='lat' dir='ltr'>xxiii</span> <span class='ocrx_word' id='word_1_229' title='bbox 1159 3730 1205 3789; x_wconf 87' lang='lat'><strong>25,</strong></span> <span class='ocrx_word' id='word_1_230' title='bbox 1241 3715 1309 3772; x_wconf 88' lang='lat' dir='ltr'><strong>Lne.</strong></span> <span class='ocrx_word' id='word_1_231' title='bbox 1333 3713 1375 3772; x_wconf 81' lang='lat' dir='ltr'><strong>xii</strong></span> <span class='ocrx_word' id='word_1_232' title='bbox 1402 3728 1429 3787; x_wconf 87' lang='lat'><strong>5,</strong></span> 
     </span>
     <span class='ocr_line' id='line_1_29' title="bbox 387 3795 1427 3875; baseline -0.002 -20"><span class='ocrx_word' id='word_1_233' title='bbox 387 3797 568 3875; x_wconf 83' lang='lat' dir='ltr'><strong>Jesepho,A.</strong></span> <span class='ocrx_word' id='word_1_234' title='bbox 581 3798 608 3855; x_wconf 92' lang='lat' dir='ltr'><strong>J.</strong></span> <span class='ocrx_word' id='word_1_235' title='bbox 625 3797 676 3854; x_wconf 90' lang='lat' dir='ltr'><strong>III</strong></span> <span class='ocrx_word' id='word_1_236' title='bbox 691 3819 720 3870; x_wconf 83' lang='lat' dir='ltr'><strong>x,</strong></span> <span class='ocrx_word' id='word_1_237' title='bbox 740 3799 789 3855; x_wconf 93' lang='lat' dir='ltr'><strong>III</strong></span> <span class='ocrx_word' id='word_1_238' title='bbox 805 3799 887 3856; x_wconf 86' lang='lat' dir='ltr'><strong>Esdr.</strong></span> <span class='ocrx_word' id='word_1_239' title='bbox 929 3798 1017 3875; x_wconf 84' lang='lat' dir='ltr'><strong>Apoe.</strong></span> <span class='ocrx_word' id='word_1_240' title='bbox 1042 3799 1073 3855; x_wconf 82' lang='lat' dir='ltr'><strong>xi</strong></span> <span class='ocrx_word' id='word_1_241' title='bbox 1099 3819 1124 3871; x_wconf 82' lang='lat'><strong>1,</strong></span> <span class='ocrx_word' id='word_1_242' title='bbox 1150 3816 1176 3864; x_wconf 84' lang='lat'><strong>2.</strong></span> <span class='ocrx_word' id='word_1_243' title='bbox 1196 3804 1226 3856; x_wconf 88' lang='lat' dir='ltr'><strong>et</strong></span> <span class='ocrx_word' id='word_1_244' title='bbox 1247 3795 1335 3854; x_wconf 85' lang='lat' dir='ltr'><strong>Mede</strong></span> <span class='ocrx_word' id='word_1_245' title='bbox 1362 3795 1427 3853; x_wconf 90' lang='lat' dir='ltr'>ibid.</span> 
     </span>
     <span class='ocr_line' id='line_1_30' title="bbox 388 3877 1363 3956; baseline 0.001 -21"><span class='ocrx_word' id='word_1_246' title='bbox 388 3899 408 3935; x_wconf 86' lang='lat' dir='ltr'><strong>v</strong></span> <span class='ocrx_word' id='word_1_247' title='bbox 435 3894 484 3954; x_wconf 84' lang='lat'><strong>75.</strong></span> <span class='ocrx_word' id='word_1_248' title='bbox 531 3879 654 3956; x_wconf 84' lang='lat' dir='ltr'><strong>Hesyeh.</strong></span> <span class='ocrx_word' id='word_1_249' title='bbox 683 3881 888 3953; x_wconf 75' lang='grc' dir='ltr'>Ἐνδελεχισμός·</span> <span class='ocrx_word' id='word_1_250' title='bbox 929 3900 975 3956; x_wconf 92' lang='lat' dir='ltr'><strong>pp.</strong></span> <span class='ocrx_word' id='word_1_251' title='bbox 997 3892 1121 3954; x_wconf 85' lang='lat'><strong>125—7.</strong></span> <span class='ocrx_word' id='word_1_252' title='bbox 1144 3877 1363 3938; x_wconf 82' lang='lat' dir='ltr'>SANOROFT.</span> 
     </span>
     <span class='ocr_line' id='line_1_31' title="bbox 387 3958 1431 4034; baseline 0.001 -18"><span class='ocrx_word' id='word_1_253' title='bbox 387 3961 516 4033; x_wconf 77' lang='grc' dir='ltr'>Ἐπεμονίη.</span> <span class='ocrx_word' id='word_1_254' title='bbox 560 3961 671 4033; x_wconf 75' lang='lat' dir='ltr'>Suidas,</span> <span class='ocrx_word' id='word_1_255' title='bbox 684 3963 889 4034; x_wconf 80' lang='grc' dir='ltr'>Ἐνδελεχισρός·</span> <span class='ocrx_word' id='word_1_256' title='bbox 969 3961 1007 4019; x_wconf 83' lang='lat' dir='ltr'><strong>ib.</strong></span> <span class='ocrx_word' id='word_1_257' title='bbox 1029 3962 1242 4034; x_wconf 56' lang='lat' dir='ltr'><strong>perreverendis]</strong></span> <span class='ocrx_word' id='word_1_258' title='bbox 1264 3958 1431 4017; x_wconf 63' lang='lat' dir='ltr'><strong>Sacerdotes</strong></span> 
     </span>
     <span class='ocr_line' id='line_1_32' title="bbox 389 4039 1431 4115; baseline 0.002 -19"><span class='ocrx_word' id='word_1_259' title='bbox 389 4045 499 4114; x_wconf 73' lang='grc' dir='ltr'>ἐπιμονὴ,</span> <span class='ocrx_word' id='word_1_260' title='bbox 514 4044 529 4113; x_wconf 73' lang='grc' dir='ltr'>ἡ</span> <span class='ocrx_word' id='word_1_261' title='bbox 544 4043 653 4113; x_wconf 54' lang='grc' dir='ltr'>συντίθης</span> <span class='ocrx_word' id='word_1_262' title='bbox 673 4044 749 4098; x_wconf 88' lang='grc' dir='ltr'>θυσία</span> <span class='ocrx_word' id='word_1_263' title='bbox 768 4047 808 4098; x_wconf 79' lang='grc' dir='ltr'><strong>καὶ</strong></span> <span class='ocrx_word' id='word_1_264' title='bbox 827 4046 889 4115; x_wconf 75' lang='grc' dir='ltr'>ἔφη·</span> <span class='ocrx_word' id='word_1_265' title='bbox 930 4063 987 4100; x_wconf 87' lang='lat' dir='ltr'><strong>nou</strong></span> <span class='ocrx_word' id='word_1_266' title='bbox 1021 4050 1135 4102; x_wconf 80' lang='lat' dir='ltr'><strong>tantum</strong></span> <span class='ocrx_word' id='word_1_267' title='bbox 1170 4041 1349 4100; x_wconf 72' lang='lat' dir='ltr'><strong>Judaeomm</strong></span> <span class='ocrx_word' id='word_1_268' title='bbox 1382 4039 1431 4098; x_wconf 75' lang='lat' dir='ltr'><strong>sed</strong></span> 
     </span>
     <span class='ocr_line' id='line_1_33' title="bbox 388 4121 1432 4202; baseline 0 -23"><span class='ocrx_word' id='word_1_269' title='bbox 388 4126 481 4196; x_wconf 79' lang='grc' dir='ltr'>μερίνη.</span> <span class='ocrx_word' id='word_1_270' title='bbox 495 4123 670 4182; x_wconf 72' lang='lat' dir='ltr'><strong>schleusner.</strong></span> <span class='ocrx_word' id='word_1_271' title='bbox 678 4123 818 4182; x_wconf 85' lang='lat' dir='ltr'><strong>Lex.V.T.</strong></span> <span class='ocrx_word' id='word_1_272' title='bbox 839 4123 889 4181; x_wconf 82' lang='lat' dir='ltr'><strong>Se-</strong></span> <span class='ocrx_word' id='word_1_273' title='bbox 929 4125 1058 4202; x_wconf 80' lang='lat' dir='ltr'><strong>gentium</strong></span> <span class='ocrx_word' id='word_1_274' title='bbox 1075 4124 1162 4182; x_wconf 81' lang='lat' dir='ltr'><strong>etism</strong></span> <span class='ocrx_word' id='word_1_275' title='bbox 1182 4123 1291 4182; x_wconf 84' lang='lat' dir='ltr'>hostiss</span> <span class='ocrx_word' id='word_1_276' title='bbox 1311 4121 1432 4199; x_wconf 69' lang='lat' dir='ltr'><strong>probare</strong></span> 
     </span>
     <span class='ocr_line' id='line_1_34' title="bbox 390 4204 1431 4282; baseline 0 -21"><span class='ocrx_word' id='word_1_277' title='bbox 390 4204 561 4262; x_wconf 86' lang='lat' dir='ltr'><strong>erifieiorum</strong></span> <span class='ocrx_word' id='word_1_278' title='bbox 581 4212 640 4263; x_wconf 89' lang='lat' dir='ltr'><strong>tres</strong></span> <span class='ocrx_word' id='word_1_279' title='bbox 660 4206 767 4280; x_wconf 82' lang='lat' dir='ltr'><strong>speeies</strong></span> <span class='ocrx_word' id='word_1_280' title='bbox 784 4206 889 4282; x_wconf 83' lang='lat' dir='ltr'>prims·</span> <span class='ocrx_word' id='word_1_281' title='bbox 929 4206 1067 4279; x_wconf 83' lang='lat' dir='ltr'><strong>solebant,</strong></span> <span class='ocrx_word' id='word_1_282' title='bbox 1089 4213 1120 4264; x_wconf 90' lang='lat' dir='ltr'><strong>et</strong></span> <span class='ocrx_word' id='word_1_283' title='bbox 1142 4204 1326 4263; x_wconf 74' lang='lat' dir='ltr'><strong>victimarum</strong></span> <span class='ocrx_word' id='word_1_284' title='bbox 1351 4222 1431 4280; x_wconf 76' lang='lat' dir='ltr'><strong>pree·</strong></span> 
     </span>
     <span class='ocr_line' id='line_1_35' title="bbox 389 4285 1431 4364; baseline 0 -22"><span class='ocrx_word' id='word_1_285' title='bbox 389 4285 446 4344; x_wconf 83' lang='lat' dir='ltr'>rias</span> <span class='ocrx_word' id='word_1_286' title='bbox 470 4286 621 4363; x_wconf 80' lang='lat' dir='ltr'>distinguit</span> <span class='ocrx_word' id='word_1_287' title='bbox 648 4287 729 4343; x_wconf 86' lang='lat' dir='ltr'>Philo</span> <span class='ocrx_word' id='word_1_288' title='bbox 753 4287 888 4359; x_wconf 71' lang='lat' dir='ltr'><strong>Judaeus</strong></span> <span class='ocrx_word' id='word_1_289' title='bbox 929 4288 1027 4346; x_wconf 79' lang='lat' dir='ltr'><strong>cordia</strong></span> <span class='ocrx_word' id='word_1_290' title='bbox 1053 4287 1207 4364; x_wconf 80' lang='lat' dir='ltr'><strong>diligenter</strong></span> <span class='ocrx_word' id='word_1_291' title='bbox 1235 4285 1377 4363; x_wconf 84' lang='lat' dir='ltr'>inspieers</span> <span class='ocrx_word' id='word_1_292' title='bbox 1403 4292 1431 4342; x_wconf 85' lang='lat' dir='ltr'><strong>et</strong></span> 
     </span>
     <span class='ocr_line' id='line_1_36' title="bbox 389 4366 1430 4444; baseline -0.001 -19"><span class='ocrx_word' id='word_1_293' title='bbox 389 4368 425 4426; x_wconf 91' lang='lat' dir='ltr'><strong>de</strong></span> <span class='ocrx_word' id='word_1_294' title='bbox 453 4367 633 4425; x_wconf 83' lang='lat' dir='ltr'>Animalibus</span> <span class='ocrx_word' id='word_1_295' title='bbox 660 4369 796 4427; x_wconf 77' lang='lat' dir='ltr'>sacrificio</span> <span class='ocrx_word' id='word_1_296' title='bbox 828 4369 888 4427; x_wconf 91' lang='lat' dir='ltr'><strong>ido·</strong></span> <span class='ocrx_word' id='word_1_297' title='bbox 930 4369 1101 4439; x_wconf 78' lang='lat' dir='ltr'><strong>examinare,</strong></span> <span class='ocrx_word' id='word_1_298' title='bbox 1120 4377 1274 4444; x_wconf 76' lang='lat' dir='ltr'><strong>antequem</strong></span> <span class='ocrx_word' id='word_1_299' title='bbox 1294 4366 1430 4437; x_wconf 73' lang='lat' dir='ltr'><strong>litsmnt3</strong></span> 
     </span>
     <span class='ocr_line' id='line_1_37' title="bbox 389 4448 1432 4528; baseline -0.002 -21"><span class='ocrx_word' id='word_1_300' title='bbox 389 4448 458 4521; x_wconf 85' lang='lat' dir='ltr'>neis,</span> <span class='ocrx_word' id='word_1_301' title='bbox 487 4450 560 4526; x_wconf 86' lang='lat' dir='ltr'>Opp.</span> <span class='ocrx_word' id='word_1_302' title='bbox 591 4450 611 4507; x_wconf 92' lang='lat' dir='ltr'><strong>ii</strong></span> <span class='ocrx_word' id='word_1_303' title='bbox 641 4469 698 4521; x_wconf 85' lang='lat'><strong>240</strong></span> <span class='ocrx_word' id='word_1_304' title='bbox 732 4451 774 4508; x_wconf 89' lang='lat' dir='ltr'><strong>ed.</strong></span> <span class='ocrx_word' id='word_1_305' title='bbox 808 4450 890 4507; x_wconf 82' lang='lat' dir='ltr'><strong>Man·</strong></span> <span class='ocrx_word' id='word_1_306' title='bbox 930 4451 1008 4528; x_wconf 87' lang='lat' dir='ltr'><strong>quod</strong></span> <span class='ocrx_word' id='word_1_307' title='bbox 1026 4455 1050 4506; x_wconf 76' lang='lat' dir='ltr'><strong>ot</strong></span> <span class='ocrx_word' id='word_1_308' title='bbox 1066 4453 1168 4520; x_wconf 79' lang='grc' dir='ltr'>ἔξωθεν,</span> <span class='ocrx_word' id='word_1_309' title='bbox 1182 4452 1323 4522; x_wconf 69' lang='grc' dir='ltr'>δοκιμάζειν</span> <span class='ocrx_word' id='word_1_310' title='bbox 1335 4457 1365 4506; x_wconf 91' lang='lat' dir='ltr'><strong>et</strong></span> <span class='ocrx_word' id='word_1_311' title='bbox 1378 4450 1432 4518; x_wconf 58' lang='grc' dir='ltr'>ε’ξσ</span> 
     </span>
     <span class='ocr_line' id='line_1_38' title="bbox 389 4528 1432 4609; baseline 0 -20"><span class='ocrx_word' id='word_1_312' title='bbox 389 4551 452 4609; x_wconf 81' lang='lat' dir='ltr'><strong>gey.</strong></span> <span class='ocrx_word' id='word_1_313' title='bbox 930 4537 1013 4602; x_wconf 70' lang='grc' dir='ltr'>παίζειν</span> <span class='ocrx_word' id='word_1_314' title='bbox 1038 4536 1070 4588; x_wconf 84' lang='grc' dir='ltr'><strong>τὰ</strong></span> <span class='ocrx_word' id='word_1_315' title='bbox 1101 4536 1177 4604; x_wconf 74' lang='grc' dir='ltr'>ἱερεῖα</span> <span class='ocrx_word' id='word_1_316' title='bbox 1201 4536 1315 4603; x_wconf 70' lang='lat' dir='ltr'><strong>vocant,</strong></span> <span class='ocrx_word' id='word_1_317' title='bbox 1338 4528 1432 4606; x_wconf 55' lang='grc' dir='ltr'><strong>Βώρ-</strong></span> 
     </span>
     <span class='ocr_line' id='line_1_39' title="bbox 431 4609 1430 4693; baseline -0.002 -24"><span class='ocrx_word' id='word_1_318' title='bbox 431 4613 467 4671; x_wconf 86' lang='lat' dir='ltr'><strong>ib.</strong></span> <span class='ocrx_word' id='word_1_319' title='bbox 490 4609 583 4693; x_wconf 80' lang='grc' dir='ltr'>εὐχῶν]</span> <span class='ocrx_word' id='word_1_320' title='bbox 609 4612 673 4671; x_wconf 78' lang='grc' dir='ltr'>ἴσως</span> <span class='ocrx_word' id='word_1_321' title='bbox 694 4615 892 4685; x_wconf 76' lang='grc' dir='ltr'>εὖχοριοπηριῶν</span> <span class='ocrx_word' id='word_1_322' title='bbox 931 4621 1009 4673; x_wconf 70' lang='lat' dir='ltr'><strong>tores</strong></span> <span class='ocrx_word' id='word_1_323' title='bbox 1028 4622 1126 4671; x_wconf 76' lang='lat' dir='ltr'><strong>autem</strong></span> <span class='ocrx_word' id='word_1_324' title='bbox 1145 4611 1225 4670; x_wconf 71' lang='lat' dir='ltr'><strong>Sacri</strong></span> <span class='ocrx_word' id='word_1_325' title='bbox 1244 4616 1430 4684; x_wconf 71' lang='grc' dir='ltr'>μοροσκοπῶ.</span> 
     </span>
     <span class='ocr_line' id='line_1_40' title="bbox 390 4694 1430 4771; baseline -0.004 -20"><span class='ocrx_word' id='word_1_326' title='bbox 390 4694 483 4771; x_wconf 86' lang='lat' dir='ltr'>inquit</span> <span class='ocrx_word' id='word_1_327' title='bbox 490 4695 510 4753; x_wconf 86' lang='lat' dir='ltr'>J</span> <span class='ocrx_word' id='word_1_328' title='bbox 511 4695 602 4752; x_wconf 88' lang='lat' dir='ltr'>unius.</span> <span class='ocrx_word' id='word_1_329' title='bbox 623 4694 680 4767; x_wconf 86' lang='lat' dir='ltr'><strong>[eui</strong></span> <span class='ocrx_word' id='word_1_330' title='bbox 691 4694 891 4752; x_wconf 76' lang='lat' dir='ltr'><strong>adsentiuntur</strong></span> <span class='ocrx_word' id='word_1_331' title='bbox 931 4694 1018 4755; x_wconf 87' lang='lat' dir='ltr'><strong>Unde</strong></span> <span class='ocrx_word' id='word_1_332' title='bbox 1032 4694 1114 4752; x_wconf 87' lang='lat' dir='ltr'>Philo</span> <span class='ocrx_word' id='word_1_333' title='bbox 1127 4694 1147 4752; x_wconf 86' lang='lat' dir='ltr'>J</span> <span class='ocrx_word' id='word_1_334' title='bbox 1148 4694 1254 4753; x_wconf 86' lang='lat' dir='ltr'>udseus</span> <span class='ocrx_word' id='word_1_335' title='bbox 1273 4696 1334 4767; x_wconf 74' lang='grc' dir='ltr'>περὶ</span> <span class='ocrx_word' id='word_1_336' title='bbox 1349 4702 1430 4765; x_wconf 54' lang='lat' dir='ltr'><strong>rese</strong></span> 
     </span>
     <span class='ocr_line' id='line_1_41' title="bbox 391 4772 1431 4856; baseline -0.002 -23"><span class='ocrx_word' id='word_1_337' title='bbox 391 4775 487 4833; x_wconf 81' lang='lat' dir='ltr'>Fellus</span> <span class='ocrx_word' id='word_1_338' title='bbox 521 4785 550 4835; x_wconf 86' lang='lat' dir='ltr'><strong>et</strong></span> <span class='ocrx_word' id='word_1_339' title='bbox 578 4772 777 4855; x_wconf 86' lang='lat' dir='ltr'>Colemesius.]</span> <span class='ocrx_word' id='word_1_340' title='bbox 834 4775 891 4833; x_wconf 86' lang='lat' dir='ltr'><strong>Sed</strong></span> <span class='ocrx_word' id='word_1_341' title='bbox 930 4781 994 4851; x_wconf 74' lang='grc' dir='ltr'>γίας,</span> <span class='ocrx_word' id='word_1_342' title='bbox 1021 4773 1108 4856; x_wconf 80' lang='lat' dir='ltr'><strong>[opp.</strong></span> <span class='ocrx_word' id='word_1_343' title='bbox 1131 4775 1141 4832; x_wconf 95' lang='lat' dir='ltr'>i</span> <span class='ocrx_word' id='word_1_344' title='bbox 1161 4795 1188 4852; x_wconf 90' lang='lat' dir='ltr'><strong>p.</strong></span> <span class='ocrx_word' id='word_1_345' title='bbox 1208 4793 1267 4850; x_wconf 84' lang='lat'><strong>320</strong></span> <span class='ocrx_word' id='word_1_346' title='bbox 1288 4773 1332 4832; x_wconf 86' lang='lat' dir='ltr'><strong>ed</strong></span> <span class='ocrx_word' id='word_1_347' title='bbox 1349 4773 1431 4831; x_wconf 77' lang='lat' dir='ltr'><strong>Men·</strong></span> 
     </span>
     <span class='ocr_line' id='line_1_42' title="bbox 390 4855 1431 4938; baseline -0.002 -24"><span class='ocrx_word' id='word_1_348' title='bbox 390 4858 679 4934; x_wconf 82' lang='lat' dir='ltr'><strong>praeterquamquod</strong></span> <span class='ocrx_word' id='word_1_349' title='bbox 695 4857 838 4916; x_wconf 78' lang='lat' dir='ltr'>Sacrifieis</span> <span class='ocrx_word' id='word_1_350' title='bbox 855 4857 891 4915; x_wconf 88' lang='lat' dir='ltr'><strong>de</strong></span> <span class='ocrx_word' id='word_1_351' title='bbox 930 4855 1008 4938; x_wconf 67' lang='lat' dir='ltr'><strong>goy]</strong></span> <span class='ocrx_word' id='word_1_352' title='bbox 1027 4858 1141 4914; x_wconf 72' lang='grc' dir='ltr'>Ἄτοπον</span> <span class='ocrx_word' id='word_1_353' title='bbox 1153 4862 1203 4932; x_wconf 82' lang='grc' dir='ltr'><strong>γὰρ</strong></span> <span class='ocrx_word' id='word_1_354' title='bbox 1217 4857 1304 4930; x_wconf 71' lang='grc' dir='ltr'>ἱερέαν</span> <span class='ocrx_word' id='word_1_355' title='bbox 1314 4859 1431 4929; x_wconf 58' lang='lat' dir='ltr'><strong>punse</strong></span> 
     </span>
     <span class='ocr_line' id='line_1_43' title="bbox 390 4939 1431 5015; baseline -0.003 -20"><span class='ocrx_word' id='word_1_356' title='bbox 390 4939 494 5015; x_wconf 86' lang='lat' dir='ltr'>quibus</span> <span class='ocrx_word' id='word_1_357' title='bbox 507 4939 553 4997; x_wconf 89' lang='lat' dir='ltr'><strong>hie</strong></span> <span class='ocrx_word' id='word_1_358' title='bbox 567 4959 668 5010; x_wconf 86' lang='lat' dir='ltr'>senno,</span> <span class='ocrx_word' id='word_1_359' title='bbox 683 4960 739 4997; x_wconf 90' lang='lat' dir='ltr'><strong>non</strong></span> <span class='ocrx_word' id='word_1_360' title='bbox 756 4939 892 4997; x_wconf 84' lang='lat' dir='ltr'><strong>dicuntur</strong></span> <span class='ocrx_word' id='word_1_361' title='bbox 931 4964 1000 4996; x_wconf 84' lang='grc' dir='ltr'>νοιαν</span> <span class='ocrx_word' id='word_1_362' title='bbox 1021 4943 1098 5012; x_wconf 81' lang='grc' dir='ltr'>ἔχειν,</span> <span class='ocrx_word' id='word_1_363' title='bbox 1116 4942 1149 4996; x_wconf 74' lang='grc' dir='ltr'><strong>ὡς</strong></span> <span class='ocrx_word' id='word_1_364' title='bbox 1171 4943 1307 5011; x_wconf 75' lang='grc' dir='ltr'>ὁλόκληρα</span> <span class='ocrx_word' id='word_1_365' title='bbox 1327 4939 1360 4993; x_wconf 75' lang='grc' dir='ltr'><strong>τὸ</strong></span> <span class='ocrx_word' id='word_1_366' title='bbox 1380 4939 1431 4992; x_wconf 70' lang='lat' dir='ltr'><strong>‹n&#39;r</strong></span> 
     </span>
     <span class='ocr_line' id='line_1_44' title="bbox 390 5020 1431 5094; baseline -0.003 -18"><span class='ocrx_word' id='word_1_367' title='bbox 390 5040 408 5077; x_wconf 83' lang='lat' dir='ltr'><strong>a</strong></span> <span class='ocrx_word' id='word_1_368' title='bbox 429 5020 508 5077; x_wconf 86' lang='lat' dir='ltr'><strong>LXX</strong></span> <span class='ocrx_word' id='word_1_369' title='bbox 525 5021 684 5079; x_wconf 77' lang='lat' dir='ltr'>senioribus</span> <span class='ocrx_word' id='word_1_370' title='bbox 705 5021 893 5094; x_wconf 79' lang='grc' dir='ltr'>εὐχαριστίηριοι</span> <span class='ocrx_word' id='word_1_371' title='bbox 932 5046 999 5089; x_wconf 87' lang='grc' dir='ltr'>ματα</span> <span class='ocrx_word' id='word_1_372' title='bbox 1013 5025 1053 5077; x_wconf 77' lang='grc' dir='ltr'><strong>καὶ</strong></span> <span class='ocrx_word' id='word_1_373' title='bbox 1073 5025 1203 5078; x_wconf 79' lang='grc' dir='ltr'>παντελεῖς</span> <span class='ocrx_word' id='word_1_374' title='bbox 1218 5023 1328 5083; x_wconf 78' lang='grc' dir='ltr'>ἔσονται,</span> <span class='ocrx_word' id='word_1_375' title='bbox 1342 5024 1431 5074; x_wconf 74' lang='grc' dir='ltr'>τῦντε</span> 
     </span>
     <span class='ocr_line' id='line_1_45' title="bbox 391 5101 1430 5178; baseline -0.002 -21"><span class='ocrx_word' id='word_1_376' title='bbox 391 5103 478 5157; x_wconf 87' lang='grc' dir='ltr'>θυσίαι</span> <span class='ocrx_word' id='word_1_377' title='bbox 491 5102 540 5159; x_wconf 83' lang='lat' dir='ltr'><strong>sed</strong></span> <span class='ocrx_word' id='word_1_378' title='bbox 555 5103 681 5174; x_wconf 73' lang='grc' dir='ltr'>σωτήριοι,</span> <span class='ocrx_word' id='word_1_379' title='bbox 697 5102 767 5159; x_wconf 83' lang='lat' dir='ltr'>nihil</span> <span class='ocrx_word' id='word_1_380' title='bbox 781 5109 893 5161; x_wconf 79' lang='lat' dir='ltr'><strong>mutato</strong></span> <span class='ocrx_word' id='word_1_381' title='bbox 932 5104 1122 5173; x_wconf 81' lang='grc' dir='ltr'>εαταθυομένοιν</span> <span class='ocrx_word' id='word_1_382' title='bbox 1142 5103 1218 5178; x_wconf 70' lang='grc' dir='ltr'>ζῴων,</span> <span class='ocrx_word' id='word_1_383' title='bbox 1237 5104 1273 5158; x_wconf 82' lang='grc' dir='ltr'><strong>οἰς</strong></span> <span class='ocrx_word' id='word_1_384' title='bbox 1295 5102 1369 5156; x_wconf 61' lang='lat' dir='ltr'><strong>otti·</strong></span> <span class='ocrx_word' id='word_1_385' title='bbox 1390 5101 1430 5155; x_wconf 74' lang='grc' dir='ltr'><strong>οὐ·</strong></span> 
     </span>
     <span class='ocr_line' id='line_1_46' title="bbox 391 5182 1430 5259; baseline -0.001 -20"><span class='ocrx_word' id='word_1_386' title='bbox 391 5202 463 5258; x_wconf 76' lang='lat' dir='ltr'>opus</span> <span class='ocrx_word' id='word_1_387' title='bbox 483 5190 535 5255; x_wconf 77' lang='lat' dir='ltr'><strong>est,</strong></span> <span class='ocrx_word' id='word_1_388' title='bbox 549 5203 638 5259; x_wconf 86' lang='lat' dir='ltr'>quum</span> <span class='ocrx_word' id='word_1_389' title='bbox 659 5189 689 5241; x_wconf 74' lang='lat' dir='ltr'><strong>et</strong></span> <span class='ocrx_word' id='word_1_390' title='bbox 709 5185 784 5256; x_wconf 71' lang='grc' dir='ltr'>εὐχαί</span> <span class='ocrx_word' id='word_1_391' title='bbox 801 5184 890 5241; x_wconf 66' lang='grc' dir='ltr'>ναυή-</span> <span class='ocrx_word' id='word_1_392' title='bbox 933 5186 1005 5256; x_wconf 53' lang='lat' dir='ltr'><strong>defugi</strong></span> <span class='ocrx_word' id='word_1_393' title='bbox 1031 5187 1061 5240; x_wconf 84' lang='grc' dir='ltr'><strong>τὸ</strong></span> <span class='ocrx_word' id='word_1_394' title='bbox 1088 5186 1207 5256; x_wconf 79' lang='grc' dir='ltr'>παράπαν</span> <span class='ocrx_word' id='word_1_395' title='bbox 1232 5182 1291 5238; x_wconf 74' lang='grc' dir='ltr'>ἄλλ’</span> <span class='ocrx_word' id='word_1_396' title='bbox 1318 5184 1377 5238; x_wconf 65' lang='lat' dir='ltr'><strong>ot&amp;</strong></span> <span class='ocrx_word' id='word_1_397' title='bbox 1400 5185 1430 5251; x_wconf 73' lang='grc' dir='ltr'><strong>τῇ</strong></span> 
     </span>
    </p>
   </div>
   <div class='ocr_carea' id='block_1_4' title="bbox 0 0 1642 6612">
    <p class='ocr_par' dir='ltr' id='par_1_4' title="bbox 0 0 1642 6612">
     <span class='ocr_line' id='line_1_47' title="bbox 0 0 1642 6612; baseline 0 0"><span class='ocrx_word' id='word_1_398' title='bbox 0 0 1642 6612; x_wconf 95' lang='lat' dir='ltr'><strong> </strong></span> 
     </span>
    </p>
   </div>
  </div>
 </body>
</html>
