3250 6617
407 1053 450 1121 92
769 1054 801 1116 S.
826 1052 1081 1117 CLEMENTIS

408 1223 630 1310 συνελεύσεις
649 1225 766 1305 αὐτῶν
788 1229 826 1305 ἐν
852 1225 970 1331 εἰρήνῃ
996 1229 1054 1305 καὶ
1082 1225 1226 1330 ὁμονοίᾳ
1246 1232 1440 1305 ποιοῦνται.

408 1359 532 1433 Ταῦτα
548 1351 703 1434 πάνταῦ
727 1352 838 1456 με’γας
861 1352 1073 1458 δημιουργὸς
1090 1357 1148 1433 καὶ
1172 1348 1348 1452 δεσπῦτης
1373 1357 1445 1432 τῶν

408 1478 574 1560 ἁπάντων
603 1483 639 1560 ε’ν
667 1479 784 1587 εἰρήνῃ
817 1484 876 1561 καὶ
913 1483 1057 1589 ὁμονοίᾳ
1091 1478 1316 1585 προσέταξεν
1344 1475 1442 1576 εἰναι,

408 1608 595 1711 εὐεργετῶν
626 1608 671 1688 τῦ
699 1606 827 1706 πάντα,
851 1612 1156 1714 ὑπερεκπερισσῶς
1183 1606 1219 1687 δὲ
1245 1609 1338 1708 ἡμᾶς
1364 1606 1446 1691 τοῦς

407 1733 724 1843 προσπεφευγότος
750 1743 824 1823 τοῖς
852 1741 1039 1842 οἰκτιρμοΐς
1062 1736 1182 1834 αὐτοῦ,
1200 1734 1258 1816 διὰ
1283 1745 1348 1817 τοῦ
1369 1741 1474 1826 Κυ·5

408 1864 484 1968 ρίου
502 1865 601 1964 ἡμῶν
619 1865 742 1965 Ἰησοῦ
769 1871 945 1969 Χριστοῦ,
965 1863 993 1972 ᾧ
1012 1867 1034 1965 ἡ
1053 1864 1143 1970 δόξα
1161 1868 1218 1945 καὶ
1236 1865 1259 1965 ἡ
1276 1874 1443 1967 μεγαλα·

409 1990 502 2092 σύνη
520 1997 567 2077 εἰς
584 1990 667 2078 τοῦς
684 1998 814 2079 αἰῶνας
831 2001 904 2074 τῶν
921 1994 1069 2074 αἰώνων.
1126 1992 1255 2094 Ἀμήν.

243 2131 380 2246 ἓξὲξ·
466 2115 559 2201 KA'.
579 2121 723 2224 Ὁρᾶτε,
740 2122 931 2222 ἀγαπητοί,
951 2118 1000 2219 μὴ
1018 2124 1054 2199 αἰ
1071 2119 1264 2224 εὐεργεσίαι
1281 2118 1392 2201 αὐτοῦ
1410 2124 1447 2199 αἱ

243 2264 380 2377 ffirm-
407 2249 544 2327 πολλαὶ
561 2246 730 2347 γένωνται
747 2253 795 2333 εἰς
819 2249 926 2352 κρίμα
947 2255 1061 2329 πᾶσιν
1078 2249 1171 2348 ἡμιν,
1189 2247 1250 2328 εὀἰν
1267 2246 1318 2348 μὴ
1336 2246 1448 2352 ἀξίως

243 2395 359 2509 ml·
408 2376 515 2454 αὐτοῦ
540 2376 801 2476 πολιτευόμενοι
830 2374 876 2456 τὰ
903 2373 999 2455 καλὰ
1024 2378 1082 2455 καὶ
1105 2373 1278 2480 εὐάρεστα
1298 2375 1446 2458 ἐνώτιον
1462 2408 1497 2448 10

296 2498 303 2520 ι

243 2526 396 2603 yamoffim
408 2505 515 2583 αὐτοῦ
525 2509 682 2603 ποιῶμεν
692 2506 765 2602 μεθ’
781 2505 953 2603 ὁμονοίας.
971 2503 1077 2605 Λέγει
1089 2503 1161 2609 γοίρ
1173 2539 1258 2603 που,
1271 2511 1448 2602 “Πνεῦμα

240 2607 375 2718 ἰύίίύιᾞ
411 2641 438 2678 “
462 2631 596 2734 Κυρίου
615 2628 748 2736 λύχνος
768 2633 915 2737 ἐρευνῶν
933 2628 979 2710 τὰ
999 2638 1134 2730 ταμιεῖα
1160 2636 1224 2731 τῆς
1249 2630 1446 2734 γαστρός.”

242 2728 368 2849 {llll
401 2755 552 2858 Ἴδωμεν
586 2765 663 2844 πῶς
698 2759 805 2861 ε’γγύς
841 2761 952 2856 ἐστιν,
984 2761 1041 2837 καί
1077 2758 1131 2838 ὅτι
1161 2758 1262 2839 οὐδὲν
1293 2758 1448 2859 λε’ληθεν

407 2884 514 2966 αὐτὸν
540 2893 612 2966 τῶν
637 2889 778 2966 ἐννοιῶν
800 2888 915 2986 ἡμῶν,
936 2887 1015 2967 οὐδὲ
1038 2893 1111 2966 τῶν
1129 2889 1375 2989 διαλογισμῶν
1396 2883 1448 2966 ῶν

407 3013 606 3114 ποιούμεθα.
664 3017 812 3095 Δίκαιον
831 3015 893 3094 οὐν
909 3016 1009 3095 ε’στιν
1025 3011 1075 3114 μὴ
1099 3021 1338 3096 λειποτακτεῖν
1355 3015 1448 3115 ἡμᾶς
1464 3053 1500 3113 15

451 3280 478 3334 3.
501 3263 528 3317 ε’ν
551 3262 633 3334 εἰρήνῃ
655 3265 695 3317 καὶ
721 3257 834 3341 ὁμονοία]
860 3260 908 3319 Ita
988 3262 1014 3319 6.
1043 3257 1065 3339 ql
1087 3261 1102 3332 ἦ
1126 3263 1188 3331 δόξα
1214 3285 1237 3318 ιε.
1255 3284 1280 3318 τ.
1300 3262 1342 3338 λ.]
1377 3260 1448 3320 Non

409 3340 478 3400 eod.
495 3341 605 3400 MStus.
628 3341 793 3400 Gallandius
807 3350 837 3400 et
848 3341 907 3400 He·
947 3349 1060 3401 tentum
1072 3341 1102 3399 in
1116 3341 1180 3415 fine,
1194 3343 1244 3401 ned
1263 3343 1294 3402 in
1314 3343 1398 3402 initio
1418 3350 1450 3402 et

408 3422 466 3480 felii
492 3423 580 3482 editio
610 3423 704 3500 prima
730 3431 760 3482 et
785 3423 909 3482 secunda
947 3423 1041 3481 medio
1056 3423 1250 3502 Epistolarum
1268 3444 1394 3491 suerum,
1409 3425 1445 3482 D.

409 3503 544 3563 exhibent
557 3508 584 3561 ἐν
596 3510 696 3578 ὁμονοίᾳ
710 3510 749 3562 καὶ
762 3507 853 3578 εἰρήνῃ.
949 3504 1053 3563 Paulus
1066 3508 1216 3580 δοξολογίον
1224 3513 1351 3584 usurpet,
1363 3526 1449 3585 quem

451 3607 476 3657 4.
492 3590 629 3662 εὐεργετῶν
641 3591 673 3643 τὰ
693 3592 773 3645 πάντα
787 3612 811 3644 ιε.
826 3611 850 3644 τ.
865 3588 907 3661 λ.]
949 3585 1080 3645 Clemens
1099 3586 1262 3664 discipulus,
1275 3595 1309 3646 ul
1326 3588 1356 3646 ln
1375 3588 1449 3660 nllle,

411 3666 452 3726 cf.
470 3668 485 3724 I
500 3668 572 3726 Tim.
588 3668 617 3726 iv
635 3687 679 3739 10,
688 3670 736 3727 ’ος
750 3672 806 3725 ε’στι
823 3670 909 3741 Σοπὴρ
948 3667 988 3726 sic
1001 3667 1098 3726 inhoe
1114 3668 1202 3727 etiam
1222 3668 1360 3728 imitatur.
1402 3669 1451 3729 sio

409 3753 509 3807 πάντων
521 3752 664 3824 ἀνθρώπων,
675 3754 787 3820 μάλιστα
801 3757 908 3807 πιστῶν.
950 3748 1144 3826 Hieronymus
1166 3750 1196 3807 in
1217 3750 1306 3809 Prnel
1324 3751 1355 3809 ln
1370 3749 1448 3810 Psel-

451 3845 478 3903 5.
496 3834 739 3906 προσπεφευγότος]
763 3830 910 3889 Russelius
950 3850 1011 3889 mos
1031 3831 1135 3907 probat
1151 3850 1240 3889 unum
1256 3839 1371 3891 tuntum
1390 3852 1452 3891 eme

408 3917 634 3987 τροοπεφογάεος.
950 3911 1126 3969 Psalmorum
1136 3912 1276 3986 volumen,
1287 3914 1355 3974 lieet
1367 3913 1450 3992 quin-

450 3993 490 4051 ib,
512 3996 552 4049 διδ
572 3999 617 4049 τοῦ
631 3996 724 4066 Κυρίου
744 3994 814 4063 ἡμῶν
826 3995 911 4064 Ἰησοῦ
950 3992 1030 4070 quies
1049 3999 1179 4052 oecurrnt
1196 3994 1267 4053 illud
1286 3999 1393 4070 γίνοιτο,
1407 3997 1450 4070 γί-

410 4075 536 4147 Χριστοῦ]
564 4074 687 4132 Vldetur
720 4073 839 4132 Photius
873 4073 910 4132 nd
950 4098 1025 4139 νοιτο,
1040 4073 1057 4132 ἰ
1074 4093 1097 4133 e.
1118 4075 1221 4143 Amen,
1239 4078 1354 4136 Amem
1373 4076 1451 4136 unde

409 4155 478 4213 haec
501 4175 602 4231 parum
624 4155 799 4227 attendisse;
821 4171 909 4231 quum
949 4155 1066 4232 quidam
1078 4156 1108 4214 in
1126 4157 1251 4235 quinque
1270 4157 1360 4217 libros
1378 4157 1450 4216 divi-

410 4237 530 4295 sufficiat
551 4257 624 4295 unus
644 4237 690 4294 hie
711 4237 789 4294 locus
809 4236 845 4293 ad
865 4257 909 4294 re-
950 4237 1017 4296 dere
1031 4238 1131 4311 solent,
1140 4245 1169 4297 et
1182 4241 1263 4310 ἄλλην
1276 4242 1452 4314 Πωύεωχω

410 4318 559 4377 suendum
597 4318 673 4376 illius
713 4318 910 4394 objectionem,
949 4317 1066 4392 faciunt,
1086 4326 1120 4378 ut
1138 4319 1265 4399 loquitur
1282 4319 1401 4380 Νισαίας
1419 4321 1451 4379 ln

406 4400 465 4456 Ὅτι
482 4405 526 4455 τὸν
544 4401 636 4473 Κύριαν
655 4402 723 4472 ἡμῶν
735 4401 834 4469 Ἰησοῦν
850 4410 910 4473 Χρι-
951 4400 1040 4459 Prnel
1055 4401 1085 4458 in
1100 4400 1238 4459 Calenam
1250 4419 1338 4460 suem.
1358 4402 1449 4462 JUN.

411 4486 474 4538 στὸν
487 4484 648 4553 ἐξονομάζων,
662 4484 720 4538 οὐδὲ
741 4485 785 4539 τδς
804 4483 910 4554 θεοπρε-
951 4481 1114 4540 Articulum
1131 4489 1198 4541 ente
1212 4484 1380 4557 μεγαλοσῦνη
1393 4483 1451 4562 prl-

410 4569 466 4621 πεῖς
492 4567 532 4620 eal
559 4566 720 4636 ὑψηλοτέρας
745 4565 829 4635 τίφῦεε
853 4567 912 4639 περὶ
950 4563 1123 4622 musecod.
1136 4563 1222 4622 MSlo
1235 4565 1452 4625 reetitnltwol-

411 4647 487 4700 αὐτοῦ
501 4649 595 4717 φωνάς.
617 4644 653 4702 In
667 4644 719 4701 hac
733 4643 808 4701 enim
823 4645 910 4703 doxo-
950 4652 1043 4703 tonus.

411 4724 494 4801 logia,
515 4746 587 4803 quae
607 4726 662 4783 nisi
683 4725 746 4783 Deo
762 4746 838 4796 vero,
853 4726 910 4799 uni,
995 4745 1038 4783 11.
1061 4728 1134 4801 Λέγει
1151 4731 1201 4801 γάρ
1221 4729 1284 4802 που]
1302 4727 1383 4787 Haec
1402 4748 1452 4788 ex-

411 4815 497 4882 atque
510 4827 649 4883 supremo,
664 4827 791 4864 summae
810 4807 910 4882 impie·
951 4805 1050 4865 scribit
1064 4808 1195 4866 Clemens
1207 4807 1289 4866 Alex.
1305 4829 1396 4887 usque
1414 4810 1451 4869 ed

411 4887 480 4946 tatis
514 4897 557 4946 est
587 4903 616 4946 et
641 4888 832 4966 blasphemiae
858 4887 910 4947 ιη’-
951 4886 1037 4946 finem
1050 4889 1151 4966 eapitis
1164 4889 1234 4956 xxii,
1246 4889 1350 4950 Strom
1362 4892 1393 4950 iv
1407 4905 1451 4967 ιη,

411 4968 506 5038 baete,
528 4990 545 5026 α
570 4969 597 5027 S.
614 4969 697 5029 Patre
720 4970 835 5028 Christo
856 4970 909 5027 im·
951 4989 978 5046 p.
996 4972 1051 5027 611
1069 4971 1111 5029 οδ
1127 4970 1234 5031 Potter.

411 5050 575 5126 pertiuntur
589 5051 680 5127 gloria
693 5059 722 5110 et
736 5051 869 5128 majestas
882 5051 912 5109 in
991 5051 1029 5110 ib.
1061 5058 1163 5124 Πνεῦμα
1196 5053 1291 5127 Κυρίου
1317 5079 1340 5112 ε.
1363 5081 1388 5113 τ.
1407 5058 1448 5132 λ]

411 5131 523 5189 saecule
534 5132 716 5190 saeculorum.
739 5132 863 5191 wom.
952 5131 1070 5192 Dictum
1083 5140 1127 5193 est
1140 5133 1307 5208 Salomonis,
1319 5135 1402 5196 Prov.
1412 5157 1452 5196 xx
