<?xml version="1.0" encoding="UTF-8"?>
<!DOCTYPE html PUBLIC "-//W3C//DTD XHTML 1.0 Transitional//EN"
    "http://www.w3.org/TR/xhtml1/DTD/xhtml1-transitional.dtd">
<html xmlns="http://www.w3.org/1999/xhtml" xml:lang="en" lang="en">
 <head>
  <title>
</title>
<meta http-equiv="Content-Type" content="text/html;charset=utf-8" />
  <meta name='ocr-system' content='tesseract 3.04.00' />
  <meta name='ocr-capabilities' content='ocr_page ocr_carea ocr_par ocr_line ocrx_word'/>
</head>
<body>
  <div class='ocr_page' id='page_1' title='image "./sclementisroman00polygoog_0342.png"; bbox 0 0 3250 6617; ppageno 0'>
   <div class='ocr_carea' id='block_1_1' title="bbox 622 1071 1322 1151">
    <p class='ocr_par' dir='ltr' id='par_1_1' title="bbox 622 1071 1322 1151">
     <span class='ocr_line' id='line_1_1' title="bbox 622 1071 1322 1151; baseline 0.009 -16"><span class='ocrx_word' id='word_1_1' title='bbox 622 1071 839 1137; x_wconf 84' lang='lat' dir='ltr'>EPISTOLA</span> <span class='ocrx_word' id='word_1_2' title='bbox 863 1074 909 1151; x_wconf 92' lang='lat'><strong>11,</strong></span> <span class='ocrx_word' id='word_1_3' title='bbox 926 1074 968 1137; x_wconf 84' lang='lat' dir='ltr'><strong>xi.</strong></span> <span class='ocrx_word' id='word_1_4' title='bbox 1257 1078 1322 1141; x_wconf 71' lang='grc'><strong>253</strong></span> 
     </span>
    </p>
   </div>
   <div class='ocr_carea' id='block_1_2' title="bbox 280 1243 1325 2864">
    <p class='ocr_par' dir='ltr' id='par_1_2' title="bbox 280 1243 1325 2161">
     <span class='ocr_line' id='line_1_2' title="bbox 281 1243 1325 1348; baseline 0.004 -32"><span class='ocrx_word' id='word_1_5' title='bbox 281 1254 547 1342; x_wconf 75' lang='lat' dir='ltr'>praeponentes</span> <span class='ocrx_word' id='word_1_6' title='bbox 563 1243 793 1345; x_wconf 79' lang='lat' dir='ltr'><strong>voluptatem</strong></span> <span class='ocrx_word' id='word_1_7' title='bbox 809 1258 1040 1347; x_wconf 71' lang='lat' dir='ltr'><strong>praesentem</strong></span> <span class='ocrx_word' id='word_1_8' title='bbox 1056 1248 1325 1348; x_wconf 80' lang='lat' dir='ltr'><strong>repromissioni</strong></span> 
     </span>
     <span class='ocr_line' id='line_1_3' title="bbox 280 1358 1324 1464; baseline 0.007 -32"><span class='ocrx_word' id='word_1_9' title='bbox 280 1358 436 1435; x_wconf 77' lang='lat' dir='ltr'><strong>futurae.</strong></span> <span class='ocrx_word' id='word_1_10' title='bbox 488 1361 667 1461; x_wconf 82' lang='lat' dir='ltr'><strong>Ignorant</strong></span> <span class='ocrx_word' id='word_1_11' title='bbox 686 1365 783 1438; x_wconf 91' lang='lat' dir='ltr'><strong>enim</strong></span> <span class='ocrx_word' id='word_1_12' title='bbox 809 1375 991 1464; x_wconf 82' lang='lat' dir='ltr'><strong>quantum</strong></span> <span class='ocrx_word' id='word_1_13' title='bbox 1016 1365 1149 1440; x_wconf 82' lang='lat' dir='ltr'><strong>habeat</strong></span> <span class='ocrx_word' id='word_1_14' title='bbox 1166 1375 1324 1439; x_wconf 89' lang='lat' dir='ltr'><strong>tormen-</strong></span> 
     </span>
     <span class='ocr_line' id='line_1_4' title="bbox 280 1477 1323 1581; baseline 0.007 -32"><span class='ocrx_word' id='word_1_15' title='bbox 280 1488 363 1551; x_wconf 91' lang='lat' dir='ltr'><strong>tum</strong></span> <span class='ocrx_word' id='word_1_16' title='bbox 380 1477 490 1577; x_wconf 88' lang='lat' dir='ltr'><strong>hujus</strong></span> <span class='ocrx_word' id='word_1_17' title='bbox 506 1479 640 1554; x_wconf 86' lang='lat' dir='ltr'><strong>saeculi</strong></span> <span class='ocrx_word' id='word_1_18' title='bbox 654 1481 804 1571; x_wconf 80' lang='lat' dir='ltr'><strong>fruitio;</strong></span> <span class='ocrx_word' id='word_1_19' title='bbox 824 1493 864 1557; x_wconf 89' lang='lat' dir='ltr'><strong>et</strong></span> <span class='ocrx_word' id='word_1_20' title='bbox 880 1483 1007 1581; x_wconf 83' lang='lat' dir='ltr'><strong>quales</strong></span> <span class='ocrx_word' id='word_1_21' title='bbox 1024 1483 1159 1558; x_wconf 81' lang='lat' dir='ltr'><strong>habeat</strong></span> <span class='ocrx_word' id='word_1_22' title='bbox 1176 1482 1323 1557; x_wconf 84' lang='lat' dir='ltr'><strong>delicias</strong></span> 
     </span>
     <span class='ocr_line' id='line_1_5' title="bbox 280 1591 1325 1700; baseline 0.008 -35"><span class='ocrx_word' id='word_1_23' title='bbox 280 1591 408 1667; x_wconf 84' lang='lat' dir='ltr'><strong>futura</strong></span> <span class='ocrx_word' id='word_1_24' title='bbox 439 1595 638 1694; x_wconf 88' lang='lat' dir='ltr'><strong>promissio.</strong></span> <span class='ocrx_word' id='word_1_25' title='bbox 695 1598 751 1672; x_wconf 87' lang='lat' dir='ltr'><strong>Ac</strong></span> <span class='ocrx_word' id='word_1_26' title='bbox 784 1599 942 1697; x_wconf 91' lang='lat' dir='ltr'><strong>quidem,</strong></span> <span class='ocrx_word' id='word_1_27' title='bbox 977 1600 1009 1674; x_wconf 89' lang='lat' dir='ltr'><strong>si</strong></span> <span class='ocrx_word' id='word_1_28' title='bbox 1046 1600 1117 1700; x_wconf 93' lang='lat' dir='ltr'><strong>ipsi</strong></span> <span class='ocrx_word' id='word_1_29' title='bbox 1151 1599 1218 1673; x_wconf 88' lang='lat' dir='ltr'><strong>soli</strong></span> <span class='ocrx_word' id='word_1_30' title='bbox 1252 1600 1325 1673; x_wconf 87' lang='lat' dir='ltr'><strong>ista</strong></span> 
     </span>
     <span class='ocr_line' id='line_1_6' title="bbox 280 1708 1324 1817; baseline 0.011 -38"><span class='ocrx_word' id='word_1_31' title='bbox 280 1708 450 1797; x_wconf 84' lang='lat' dir='ltr'><strong>facerent,</strong></span> <span class='ocrx_word' id='word_1_32' title='bbox 484 1710 670 1788; x_wconf 79' lang='lat' dir='ltr'><strong>tolerabile</strong></span> <span class='ocrx_word' id='word_1_33' title='bbox 700 1725 820 1804; x_wconf 89' lang='lat' dir='ltr'><strong>esset;</strong></span> <span class='ocrx_word' id='word_1_34' title='bbox 858 1715 938 1814; x_wconf 85' lang='lat' dir='ltr'><strong>jam</strong></span> <span class='ocrx_word' id='word_1_35' title='bbox 968 1744 1053 1790; x_wconf 89' lang='lat' dir='ltr'><strong>vero</strong></span> <span class='ocrx_word' id='word_1_36' title='bbox 1087 1727 1324 1817; x_wconf 82' lang='lat' dir='ltr'><strong>perseverant</strong></span> 
     </span>
     <span class='ocr_line' id='line_1_7' title="bbox 281 1825 1323 1929; baseline 0.009 -31"><span class='ocrx_word' id='word_1_37' title='bbox 281 1825 444 1901; x_wconf 79' lang='lat' dir='ltr'><strong>insontes</strong></span> <span class='ocrx_word' id='word_1_38' title='bbox 476 1829 616 1903; x_wconf 83' lang='lat' dir='ltr'><strong>animas</strong></span> <span class='ocrx_word' id='word_1_39' title='bbox 650 1833 772 1929; x_wconf 82' lang='lat' dir='ltr'><strong>pravis</strong></span> <span class='ocrx_word' id='word_1_40' title='bbox 805 1832 980 1907; x_wconf 82' lang='lat' dir='ltr'><strong>doctrinis</strong></span> <span class='ocrx_word' id='word_1_41' title='bbox 1008 1834 1179 1919; x_wconf 90' lang='lat' dir='ltr'><strong>imbuere,</strong></span> <span class='ocrx_word' id='word_1_42' title='bbox 1210 1834 1323 1908; x_wconf 89' lang='lat' dir='ltr'><strong>nesci-</strong></span> 
     </span>
     <span class='ocr_line' id='line_1_8' title="bbox 280 1946 1322 2046; baseline 0.009 -30"><span class='ocrx_word' id='word_1_43' title='bbox 280 1954 385 2018; x_wconf 87' lang='lat' dir='ltr'><strong>entes</strong></span> <span class='ocrx_word' id='word_1_44' title='bbox 413 1946 512 2044; x_wconf 94' lang='lat' dir='ltr'><strong>quod</strong></span> <span class='ocrx_word' id='word_1_45' title='bbox 541 1946 722 2046; x_wconf 87' lang='lat' dir='ltr'><strong>duplicem</strong></span> <span class='ocrx_word' id='word_1_46' title='bbox 756 1948 946 2025; x_wconf 80' lang='lat' dir='ltr'><strong>hebebimt</strong></span> <span class='ocrx_word' id='word_1_47' title='bbox 974 1953 1322 2038; x_wconf 85' lang='lat' dir='ltr'><strong>condemnationem,</strong></span> 
     </span>
     <span class='ocr_line' id='line_1_9' title="bbox 280 2060 813 2161; baseline 0.011 -28"><span class='ocrx_word' id='word_1_48' title='bbox 280 2070 319 2134; x_wconf 89' lang='lat' dir='ltr'><strong>et</strong></span> <span class='ocrx_word' id='word_1_49' title='bbox 335 2060 415 2161; x_wconf 92' lang='lat' dir='ltr'><strong>ipsi,</strong></span> <span class='ocrx_word' id='word_1_50' title='bbox 433 2062 553 2161; x_wconf 89' lang='lat' dir='ltr'><strong>etqui</strong></span> <span class='ocrx_word' id='word_1_51' title='bbox 569 2063 728 2139; x_wconf 85' lang='lat' dir='ltr'><strong>audiunt</strong></span> <span class='ocrx_word' id='word_1_52' title='bbox 745 2092 813 2139; x_wconf 91' lang='lat' dir='ltr'><strong>eos.</strong></span> 
     </span>
    </p>

    <p class='ocr_par' dir='ltr' id='par_1_3' title="bbox 280 2178 1323 2864">
     <span class='ocr_line' id='line_1_10' title="bbox 331 2178 1321 2280; baseline 0.008 -28"><span class='ocrx_word' id='word_1_53' title='bbox 331 2178 398 2253; x_wconf 86' lang='lat' dir='ltr'><strong>XI.</strong></span> <span class='ocrx_word' id='word_1_54' title='bbox 425 2180 504 2254; x_wconf 92' lang='lat' dir='ltr'><strong>Nos</strong></span> <span class='ocrx_word' id='word_1_55' title='bbox 529 2207 616 2280; x_wconf 89' lang='lat' dir='ltr'><strong>ergo</strong></span> <span class='ocrx_word' id='word_1_56' title='bbox 642 2180 680 2254; x_wconf 94' lang='lat' dir='ltr'><strong>in</strong></span> <span class='ocrx_word' id='word_1_57' title='bbox 709 2181 815 2256; x_wconf 91' lang='lat' dir='ltr'><strong>corde</strong></span> <span class='ocrx_word' id='word_1_58' title='bbox 841 2185 978 2258; x_wconf 93' lang='lat' dir='ltr'><strong>mundo</strong></span> <span class='ocrx_word' id='word_1_59' title='bbox 1006 2184 1085 2258; x_wconf 89' lang='lat' dir='ltr'><strong>Deo</strong></span> <span class='ocrx_word' id='word_1_60' title='bbox 1111 2186 1321 2273; x_wconf 81' lang='lat' dir='ltr'><strong>serviemus,</strong></span> 
     </span>
     <span class='ocr_line' id='line_1_11' title="bbox 281 2297 1322 2397; baseline 0.007 -28"><span class='ocrx_word' id='word_1_61' title='bbox 281 2305 320 2370; x_wconf 90' lang='lat' dir='ltr'><strong>et</strong></span> <span class='ocrx_word' id='word_1_62' title='bbox 348 2297 483 2371; x_wconf 89' lang='lat' dir='ltr'><strong>erimus</strong></span> <span class='ocrx_word' id='word_1_63' title='bbox 510 2297 632 2397; x_wconf 88' lang='lat' dir='ltr'><strong>justi:</strong></span> <span class='ocrx_word' id='word_1_64' title='bbox 669 2298 768 2396; x_wconf 91' lang='lat' dir='ltr'><strong>quod</strong></span> <span class='ocrx_word' id='word_1_65' title='bbox 801 2299 832 2372; x_wconf 91' lang='lat' dir='ltr'><strong>si</strong></span> <span class='ocrx_word' id='word_1_66' title='bbox 866 2327 939 2373; x_wconf 91' lang='lat' dir='ltr'><strong>non</strong></span> <span class='ocrx_word' id='word_1_67' title='bbox 973 2299 1214 2387; x_wconf 90' lang='lat' dir='ltr'><strong>servierimus,</strong></span> <span class='ocrx_word' id='word_1_68' title='bbox 1248 2329 1322 2376; x_wconf 92' lang='lat' dir='ltr'><strong>non</strong></span> 
     </span>
     <span class='ocr_line' id='line_1_12' title="bbox 280 2413 1323 2513; baseline 0.006 -27"><span class='ocrx_word' id='word_1_69' title='bbox 280 2413 456 2487; x_wconf 81' lang='lat' dir='ltr'><strong>credendo</strong></span> <span class='ocrx_word' id='word_1_70' title='bbox 485 2413 739 2513; x_wconf 83' lang='lat' dir='ltr'><strong>pollicitationi</strong></span> <span class='ocrx_word' id='word_1_71' title='bbox 766 2414 847 2500; x_wconf 88' lang='lat' dir='ltr'><strong>Dei,</strong></span> <span class='ocrx_word' id='word_1_72' title='bbox 874 2416 1008 2489; x_wconf 90' lang='lat' dir='ltr'><strong>erimus</strong></span> <span class='ocrx_word' id='word_1_73' title='bbox 1037 2416 1167 2490; x_wconf 89' lang='lat' dir='ltr'><strong>miseri.</strong></span> <span class='ocrx_word' id='word_1_74' title='bbox 1221 2417 1323 2492; x_wconf 91' lang='lat' dir='ltr'><strong>Dicit</strong></span> 
     </span>
     <span class='ocr_line' id='line_1_13' title="bbox 280 2528 1322 2631; baseline 0.005 -29"><span class='ocrx_word' id='word_1_75' title='bbox 280 2528 378 2602; x_wconf 89' lang='lat' dir='ltr'><strong>enim</strong></span> <span class='ocrx_word' id='word_1_76' title='bbox 411 2539 450 2603; x_wconf 89' lang='lat' dir='ltr'><strong>et</strong></span> <span class='ocrx_word' id='word_1_77' title='bbox 483 2556 601 2603; x_wconf 88' lang='lat' dir='ltr'><strong>sermo</strong></span> <span class='ocrx_word' id='word_1_78' title='bbox 640 2530 904 2629; x_wconf 89' lang='lat' dir='ltr'><strong>propheticus;</strong></span> <span class='ocrx_word' id='word_1_79' title='bbox 948 2532 999 2605; x_wconf 87' lang='lat' dir='ltr'><em>M</em></span> <span class='ocrx_word' id='word_1_80' title='bbox 998 2531 1089 2605; x_wconf 82' lang='lat' dir='ltr'><strong>iseri</strong></span> <span class='ocrx_word' id='word_1_81' title='bbox 1129 2547 1214 2607; x_wconf 73' lang='lat' dir='ltr'><strong>milit</strong></span> <span class='ocrx_word' id='word_1_82' title='bbox 1256 2534 1322 2631; x_wconf 81' lang='lat' dir='ltr'><strong>qui</strong></span> 
     </span>
     <span class='ocr_line' id='line_1_14' title="bbox 280 2644 1321 2746; baseline 0.004 -27"><span class='ocrx_word' id='word_1_83' title='bbox 280 2644 408 2719; x_wconf 72' lang='lat' dir='ltr'><strong>anieno</strong></span> <span class='ocrx_word' id='word_1_84' title='bbox 424 2644 602 2745; x_wconf 79' lang='lat' dir='ltr'><strong>duplices,</strong></span> <span class='ocrx_word' id='word_1_85' title='bbox 620 2660 652 2719; x_wconf 84' lang='lat' dir='ltr'><strong>et</strong></span> <span class='ocrx_word' id='word_1_86' title='bbox 674 2646 785 2721; x_wconf 80' lang='lat' dir='ltr'><strong>corde</strong></span> <span class='ocrx_word' id='word_1_87' title='bbox 808 2647 939 2721; x_wconf 78' lang='lat' dir='ltr'><strong>incerti</strong></span> <span class='ocrx_word' id='word_1_88' title='bbox 956 2662 1064 2732; x_wconf 57' lang='lat' dir='ltr'><strong>surim</strong></span> <span class='ocrx_word' id='word_1_89' title='bbox 1091 2648 1156 2746; x_wconf 80' lang='lat' dir='ltr'><strong>qui</strong></span> <span class='ocrx_word' id='word_1_90' title='bbox 1181 2648 1321 2736; x_wconf 82' lang='lat' dir='ltr'><strong>dicunt,</strong></span> 
     </span>
     <span class='ocr_line' id='line_1_15' title="bbox 280 2761 1321 2864; baseline 0.003 -29"><span class='ocrx_word' id='word_1_91' title='bbox 280 2761 389 2837; x_wconf 84' lang='lat' dir='ltr'><strong>Haec</strong></span> <span class='ocrx_word' id='word_1_92' title='bbox 422 2762 549 2836; x_wconf 66' lang='lat' dir='ltr'><strong>omitia</strong></span> <span class='ocrx_word' id='word_1_93' title='bbox 583 2762 798 2839; x_wconf 81' lang='lat' dir='ltr'><strong>oudioimus</strong></span> <span class='ocrx_word' id='word_1_94' title='bbox 828 2765 941 2838; x_wconf 78' lang='lat' dir='ltr'><strong>etiarn</strong></span> <span class='ocrx_word' id='word_1_95' title='bbox 975 2778 1135 2864; x_wconf 79' lang='lat' dir='ltr'><strong>tempore</strong></span> <span class='ocrx_word' id='word_1_96' title='bbox 1164 2778 1321 2863; x_wconf 80' lang='lat' dir='ltr'><strong>pat-runi</strong></span> 
     </span>
    </p>
   </div>
   <div class='ocr_carea' id='block_1_3' title="bbox 270 3033 1321 5232">
    <p class='ocr_par' dir='ltr' id='par_1_4' title="bbox 270 3033 1321 5232">
     <span class='ocr_line' id='line_1_16' title="bbox 279 3033 1319 3112; baseline 0.005 -21"><span class='ocrx_word' id='word_1_97' title='bbox 279 3040 328 3091; x_wconf 87' lang='lat' dir='ltr'><strong>tur</strong></span> <span class='ocrx_word' id='word_1_98' title='bbox 341 3033 618 3094; x_wconf 79' lang='lat' dir='ltr'><strong>Galliciolliiversio.</strong></span> <span class='ocrx_word' id='word_1_99' title='bbox 650 3035 778 3097; x_wconf 87' lang='lat' dir='ltr'><strong>Noltius,</strong></span> <span class='ocrx_word' id='word_1_100' title='bbox 820 3035 884 3093; x_wconf 90' lang='lat' dir='ltr'><strong>nius</strong></span> <span class='ocrx_word' id='word_1_101' title='bbox 905 3035 1029 3112; x_wconf 87' lang='lat' dir='ltr'><strong>quidem,</strong></span> <span class='ocrx_word' id='word_1_102' title='bbox 1054 3036 1161 3094; x_wconf 83' lang='lat' dir='ltr'><strong>Colom.</strong></span> <span class='ocrx_word' id='word_1_103' title='bbox 1190 3044 1219 3096; x_wconf 89' lang='lat' dir='ltr'><strong>et</strong></span> <span class='ocrx_word' id='word_1_104' title='bbox 1237 3035 1319 3096; x_wconf 83' lang='lat' dir='ltr'><strong>wot-</strong></span> 
     </span>
     <span class='ocr_line' id='line_1_17' title="bbox 279 3114 1320 3194; baseline 0.002 -22"><span class='ocrx_word' id='word_1_105' title='bbox 279 3114 374 3175; x_wconf 84' lang='lat' dir='ltr'><strong>deleto</strong></span> <span class='ocrx_word' id='word_1_106' title='bbox 394 3118 526 3189; x_wconf 64' lang='lat' dir='ltr'><strong>tropeum</strong></span> <span class='ocrx_word' id='word_1_107' title='bbox 541 3118 597 3194; x_wconf 78' lang='lat' dir='ltr'><strong>legi</strong></span> <span class='ocrx_word' id='word_1_108' title='bbox 612 3118 675 3176; x_wconf 75' lang='lat' dir='ltr'><strong>vult</strong></span> <span class='ocrx_word' id='word_1_109' title='bbox 693 3118 777 3188; x_wconf 72' lang='grc' dir='ltr'>αὐτὴν.</span> <span class='ocrx_word' id='word_1_110' title='bbox 819 3128 878 3175; x_wconf 86' lang='lat' dir='ltr'><strong>ton.</strong></span> <span class='ocrx_word' id='word_1_111' title='bbox 901 3117 1027 3176; x_wconf 87' lang='lat' dir='ltr'><strong>retinent</strong></span> <span class='ocrx_word' id='word_1_112' title='bbox 1048 3118 1219 3194; x_wconf 77' lang='lat' dir='ltr'><strong>scripturam</strong></span> <span class='ocrx_word' id='word_1_113' title='bbox 1242 3117 1320 3176; x_wconf 78' lang='lat' dir='ltr'><strong>usn</strong></span> 
     </span>
     <span class='ocr_line' id='line_1_18' title="bbox 280 3196 1321 3274; baseline 0.001 -19"><span class='ocrx_word' id='word_1_114' title='bbox 280 3196 411 3256; x_wconf 83' lang='lat' dir='ltr'><strong>Grassius</strong></span> <span class='ocrx_word' id='word_1_115' title='bbox 433 3199 528 3269; x_wconf 83' lang='lat' dir='ltr'><strong>vertit,</strong></span> <span class='ocrx_word' id='word_1_116' title='bbox 553 3200 594 3257; x_wconf 79' lang='lat' dir='ltr'><strong>Et</strong></span> <span class='ocrx_word' id='word_1_117' title='bbox 618 3199 680 3257; x_wconf 77' lang='lat' dir='ltr'><strong>c’cst</strong></span> <span class='ocrx_word' id='word_1_118' title='bbox 703 3218 782 3274; x_wconf 77' lang='lat' dir='ltr'><strong>pour</strong></span> <span class='ocrx_word' id='word_1_119' title='bbox 820 3201 939 3269; x_wconf 72' lang='grc' dir='ltr'><strong>ἀνπίους,</strong></span> <span class='ocrx_word' id='word_1_120' title='bbox 954 3208 983 3257; x_wconf 86' lang='lat' dir='ltr'><strong>et</strong></span> <span class='ocrx_word' id='word_1_121' title='bbox 1004 3200 1154 3257; x_wconf 89' lang='lat' dir='ltr'><strong>lectionem</strong></span> <span class='ocrx_word' id='word_1_122' title='bbox 1173 3198 1321 3258; x_wconf 84' lang='lat' dir='ltr'><strong>moliorem</strong></span> 
     </span>
     <span class='ocr_line' id='line_1_19' title="bbox 278 3279 1320 3357; baseline 0 -20"><span class='ocrx_word' id='word_1_123' title='bbox 278 3288 343 3337; x_wconf 72' lang='lat' dir='ltr'><strong>cae</strong></span> <span class='ocrx_word' id='word_1_124' title='bbox 355 3280 457 3339; x_wconf 81' lang='lat' dir='ltr'><strong>raison</strong></span> <span class='ocrx_word' id='word_1_125' title='bbox 475 3302 529 3356; x_wconf 80' lang='lat' dir='ltr'><strong>que</strong></span> <span class='ocrx_word' id='word_1_126' title='bbox 549 3282 650 3357; x_wconf 78' lang='lat' dir='ltr'><strong>sipcu</strong></span> <span class='ocrx_word' id='word_1_127' title='bbox 669 3280 778 3339; x_wconf 76' lang='lat' dir='ltr'><strong>d’lrom-</strong></span> <span class='ocrx_word' id='word_1_128' title='bbox 819 3280 848 3336; x_wconf 90' lang='lat' dir='ltr'><strong>in</strong></span> <span class='ocrx_word' id='word_1_129' title='bbox 870 3299 950 3338; x_wconf 82' lang='lat' dir='ltr'><strong>orem</strong></span> <span class='ocrx_word' id='word_1_130' title='bbox 970 3280 1036 3337; x_wconf 89' lang='lat' dir='ltr'><strong>libri</strong></span> <span class='ocrx_word' id='word_1_131' title='bbox 1055 3281 1191 3357; x_wconf 73' lang='lat' dir='ltr'><strong>relegant.</strong></span> <span class='ocrx_word' id='word_1_132' title='bbox 1234 3279 1276 3339; x_wconf 76' lang='lat' dir='ltr'><strong>nt</strong></span> <span class='ocrx_word' id='word_1_133' title='bbox 1290 3281 1320 3337; x_wconf 92' lang='lat' dir='ltr'><strong>in</strong></span> 
     </span>
     <span class='ocr_line' id='line_1_20' title="bbox 279 3360 1320 3439; baseline 0.003 -23"><span class='ocrx_word' id='word_1_134' title='bbox 279 3380 337 3417; x_wconf 72' lang='lat' dir='ltr'><strong>ntes</strong></span> <span class='ocrx_word' id='word_1_135' title='bbox 356 3360 425 3420; x_wconf 77' lang='lat' dir='ltr'><strong>l‘oni</strong></span> <span class='ocrx_word' id='word_1_136' title='bbox 443 3384 479 3420; x_wconf 79' lang='lat' dir='ltr'><strong>en</strong></span> <span class='ocrx_word' id='word_1_137' title='bbox 495 3372 637 3439; x_wconf 72' lang='lat' dir='ltr'><strong>panope:</strong></span> <span class='ocrx_word' id='word_1_138' title='bbox 662 3361 777 3421; x_wconf 83' lang='lat' dir='ltr'><strong>Ruchs-</strong></span> <span class='ocrx_word' id='word_1_139' title='bbox 820 3360 926 3419; x_wconf 71' lang='lat' dir='ltr'><strong>Codice</strong></span> <span class='ocrx_word' id='word_1_140' title='bbox 943 3361 996 3419; x_wconf 92' lang='lat' dir='ltr'><strong>hoc</strong></span> <span class='ocrx_word' id='word_1_141' title='bbox 1011 3361 1208 3419; x_wconf 80' lang='lat' dir='ltr'><strong>Alexandrino</strong></span> <span class='ocrx_word' id='word_1_142' title='bbox 1222 3373 1242 3416; x_wconf 85' lang='lat' dir='ltr'>E</span> <span class='ocrx_word' id='word_1_143' title='bbox 1256 3381 1320 3438; x_wconf 78' lang='lat' dir='ltr'><strong>pas·</strong></span> 
     </span>
     <span class='ocr_line' id='line_1_21' title="bbox 278 3442 1320 3519; baseline 0.002 -20"><span class='ocrx_word' id='word_1_144' title='bbox 278 3448 334 3511; x_wconf 87' lang='lat' dir='ltr'><strong>tus,</strong></span> <span class='ocrx_word' id='word_1_145' title='bbox 348 3442 389 3499; x_wconf 76' lang='lat' dir='ltr'><strong>ln</strong></span> <span class='ocrx_word' id='word_1_146' title='bbox 405 3464 484 3519; x_wconf 79' lang='lat' dir='ltr'><strong>pour</strong></span> <span class='ocrx_word' id='word_1_147' title='bbox 503 3453 568 3502; x_wconf 76' lang='lat' dir='ltr'><strong>cette</strong></span> <span class='ocrx_word' id='word_1_148' title='bbox 588 3464 679 3513; x_wconf 78' lang='lat' dir='ltr'><strong>cause,</strong></span> <span class='ocrx_word' id='word_1_149' title='bbox 699 3444 724 3501; x_wconf 83' lang='lat' dir='ltr'><strong>il</strong></span> <span class='ocrx_word' id='word_1_150' title='bbox 742 3463 779 3501; x_wconf 78' lang='lat' dir='ltr'><strong>ne</strong></span> <span class='ocrx_word' id='word_1_151' title='bbox 819 3442 871 3500; x_wconf 84' lang='lat' dir='ltr'><strong>sim</strong></span> <span class='ocrx_word' id='word_1_152' title='bbox 892 3442 1011 3518; x_wconf 89' lang='lat' dir='ltr'><strong>ponitur</strong></span> <span class='ocrx_word' id='word_1_153' title='bbox 1030 3462 1083 3519; x_wconf 89' lang='lat' dir='ltr'><strong>pro</strong></span> <span class='ocrx_word' id='word_1_154' title='bbox 1101 3453 1141 3501; x_wconf 82' lang='lat' dir='ltr'><strong>Al.</strong></span> <span class='ocrx_word' id='word_1_155' title='bbox 1186 3442 1320 3501; x_wconf 83' lang='lat' dir='ltr'><strong>stisius</strong></span> 
     </span>
     <span class='ocr_line' id='line_1_22' title="bbox 270 3521 1319 3601; baseline 0.002 -22"><span class='ocrx_word' id='word_1_156' title='bbox 270 3521 345 3597; x_wconf 70' lang='lat' dir='ltr'><strong>saul</strong></span> <span class='ocrx_word' id='word_1_157' title='bbox 359 3525 444 3600; x_wconf 78' lang='lat' dir='ltr'><strong>point</strong></span> <span class='ocrx_word' id='word_1_158' title='bbox 460 3524 779 3601; x_wconf 63' lang='lat' dir='ltr'><strong>oomphircanaelrom-</strong></span> <span class='ocrx_word' id='word_1_159' title='bbox 820 3524 982 3600; x_wconf 76' lang='lat' dir='ltr'><strong>conjecture</strong></span> <span class='ocrx_word' id='word_1_160' title='bbox 1022 3544 1123 3601; x_wconf 80' lang='lat' dir='ltr'><strong>purum</strong></span> <span class='ocrx_word' id='word_1_161' title='bbox 1164 3524 1319 3582; x_wconf 80' lang='lat' dir='ltr'><strong>necessaris</strong></span> 
     </span>
     <span class='ocr_line' id='line_1_23' title="bbox 279 3605 1244 3678; baseline -0.001 -16"><span class='ocrx_word' id='word_1_162' title='bbox 279 3624 344 3662; x_wconf 72' lang='lat' dir='ltr'><strong>mes.</strong></span> <span class='ocrx_word' id='word_1_163' title='bbox 819 3605 944 3663; x_wconf 78' lang='lat' dir='ltr'><strong>correxit</strong></span> <span class='ocrx_word' id='word_1_164' title='bbox 958 3609 1003 3663; x_wconf 75' lang='lat' dir='ltr'><strong>riis</strong></span> <span class='ocrx_word' id='word_1_165' title='bbox 1015 3607 1135 3675; x_wconf 72' lang='grc' dir='ltr'>ἇνοὴτους</span> <span class='ocrx_word' id='word_1_166' title='bbox 1148 3608 1244 3678; x_wconf 68' lang='grc' dir='ltr'>ψυχάς.</span> 
     </span>
     <span class='ocr_line' id='line_1_24' title="bbox 319 3682 1320 3768; baseline 0.002 -26"><span class='ocrx_word' id='word_1_167' title='bbox 319 3684 356 3743; x_wconf 89' lang='lat' dir='ltr'><strong>ib.</strong></span> <span class='ocrx_word' id='word_1_168' title='bbox 382 3688 478 3746; x_wconf 68' lang='lat' dir='ltr'><strong>olum</strong></span> <span class='ocrx_word' id='word_1_169' title='bbox 503 3684 660 3768; x_wconf 80' lang='grc' dir='ltr'>παράγουσι]</span> <span class='ocrx_word' id='word_1_170' title='bbox 693 3688 778 3746; x_wconf 81' lang='lat' dir='ltr'><strong>Hanc</strong></span> <span class='ocrx_word' id='word_1_171' title='bbox 862 3686 898 3743; x_wconf 84' lang='lat' dir='ltr'><strong>ib.</strong></span> <span class='ocrx_word' id='word_1_172' title='bbox 924 3689 969 3742; x_wconf 81' lang='grc' dir='ltr'><strong>οὐκ</strong></span> <span class='ocrx_word' id='word_1_173' title='bbox 996 3682 1102 3766; x_wconf 74' lang='grc' dir='ltr'><strong>εἰδότες]</strong></span> <span class='ocrx_word' id='word_1_174' title='bbox 1132 3685 1187 3743; x_wconf 83' lang='lat' dir='ltr'><strong>His</strong></span> <span class='ocrx_word' id='word_1_175' title='bbox 1214 3686 1320 3744; x_wconf 83' lang='lat' dir='ltr'><strong>similia</strong></span> 
     </span>
     <span class='ocr_line' id='line_1_25' title="bbox 279 3766 1318 3846; baseline 0.003 -23"><span class='ocrx_word' id='word_1_176' title='bbox 279 3766 357 3826; x_wconf 77' lang='lat' dir='ltr'><strong>Msti</strong></span> <span class='ocrx_word' id='word_1_177' title='bbox 378 3768 530 3827; x_wconf 86' lang='lat' dir='ltr'><strong>lectionem</strong></span> <span class='ocrx_word' id='word_1_178' title='bbox 549 3769 677 3846; x_wconf 84' lang='lat' dir='ltr'><strong>reposuit</strong></span> <span class='ocrx_word' id='word_1_179' title='bbox 695 3771 778 3828; x_wconf 88' lang='lat' dir='ltr'><strong>Wot-</strong></span> <span class='ocrx_word' id='word_1_180' title='bbox 819 3775 887 3826; x_wconf 87' lang='lat' dir='ltr'><strong>sunt</strong></span> <span class='ocrx_word' id='word_1_181' title='bbox 901 3787 942 3837; x_wconf 84' lang='lat' dir='ltr'><strong>es,</strong></span> <span class='ocrx_word' id='word_1_182' title='bbox 956 3788 1028 3843; x_wconf 81' lang='lat' dir='ltr'><strong>queo</strong></span> <span class='ocrx_word' id='word_1_183' title='bbox 1048 3788 1065 3825; x_wconf 82' lang='lat' dir='ltr'><strong>a</strong></span> <span class='ocrx_word' id='word_1_184' title='bbox 1083 3768 1115 3823; x_wconf 89' lang='lat' dir='ltr'><strong>B.</strong></span> <span class='ocrx_word' id='word_1_185' title='bbox 1131 3766 1247 3843; x_wconf 75' lang='lat' dir='ltr'><strong>Igrmtio</strong></span> <span class='ocrx_word' id='word_1_186' title='bbox 1269 3768 1318 3826; x_wconf 84' lang='lat' dir='ltr'><strong>lm-</strong></span> 
     </span>
     <span class='ocr_line' id='line_1_26' title="bbox 278 3846 1314 3931; baseline 0 -24"><span class='ocrx_word' id='word_1_187' title='bbox 278 3856 371 3919; x_wconf 87' lang='lat' dir='ltr'><strong>tonus,</strong></span> <span class='ocrx_word' id='word_1_188' title='bbox 398 3858 464 3909; x_wconf 82' lang='lat' dir='ltr'><strong>ente</strong></span> <span class='ocrx_word' id='word_1_189' title='bbox 488 3870 573 3928; x_wconf 86' lang='lat' dir='ltr'><strong>quem</strong></span> <span class='ocrx_word' id='word_1_190' title='bbox 597 3850 669 3907; x_wconf 88' lang='lat' dir='ltr'><strong>Edd.</strong></span> <span class='ocrx_word' id='word_1_191' title='bbox 697 3850 777 3909; x_wconf 83' lang='lat' dir='ltr'><strong>exhi·</strong></span> <span class='ocrx_word' id='word_1_192' title='bbox 818 3850 930 3920; x_wconf 87' lang='lat' dir='ltr'><strong>bentur,</strong></span> <span class='ocrx_word' id='word_1_193' title='bbox 953 3849 1005 3928; x_wconf 90' lang='lat' dir='ltr'><strong>Ep.</strong></span> <span class='ocrx_word' id='word_1_194' title='bbox 1031 3850 1067 3907; x_wconf 84' lang='lat' dir='ltr'><strong>sd</strong></span> <span class='ocrx_word' id='word_1_195' title='bbox 1088 3848 1191 3925; x_wconf 86' lang='lat' dir='ltr'><strong>Ephes.</strong></span> <span class='ocrx_word' id='word_1_196' title='bbox 1217 3846 1314 3931; x_wconf 71' lang='lat'>[516]</span> 
     </span>
     <span class='ocr_line' id='line_1_27' title="bbox 278 3930 938 4007; baseline -0.002 -18"><span class='ocrx_word' id='word_1_197' title='bbox 278 3930 509 4007; x_wconf 73' lang='lat' dir='ltr'><strong>bentOi&#39;rmrydp</strong></span> <span class='ocrx_word' id='word_1_198' title='bbox 518 3935 618 4007; x_wconf 75' lang='grc' dir='ltr'>ἄγουσι.</span> <span class='ocrx_word' id='word_1_199' title='bbox 641 3932 777 3990; x_wconf 69' lang='lat' dir='ltr'><strong>Irenaeus</strong></span> <span class='ocrx_word' id='word_1_200' title='bbox 818 3930 938 3989; x_wconf 77' lang='lat' dir='ltr'><strong>WO&#39;l&#39;l&#39;.</strong></span> 
     </span>
     <span class='ocr_line' id='line_1_28' title="bbox 279 4010 1319 4093; baseline 0.001 -23"><span class='ocrx_word' id='word_1_201' title='bbox 279 4012 400 4071; x_wconf 70' lang='lat' dir='ltr'><strong>IPrsel</strong></span> <span class='ocrx_word' id='word_1_202' title='bbox 424 4013 439 4089; x_wconf 82' lang='lat'>§</span> <span class='ocrx_word' id='word_1_203' title='bbox 460 4032 485 4077; x_wconf 89' lang='lat'><strong>1,</strong></span> <span class='ocrx_word' id='word_1_204' title='bbox 506 4016 547 4070; x_wconf 76' lang='lat' dir='ltr'><strong>ns</strong></span> <span class='ocrx_word' id='word_1_205' title='bbox 566 4018 611 4085; x_wconf 67' lang='grc' dir='ltr'><strong>τῆς</strong></span> <span class='ocrx_word' id='word_1_206' title='bbox 630 4015 778 4088; x_wconf 69' lang='grc' dir='ltr'>πανούργως</span> <span class='ocrx_word' id='word_1_207' title='bbox 864 4032 906 4071; x_wconf 89' lang='lat'><strong>11.</strong></span> <span class='ocrx_word' id='word_1_208' title='bbox 923 4017 963 4070; x_wconf 76' lang='grc' dir='ltr'><strong>διὰ</strong></span> <span class='ocrx_word' id='word_1_209' title='bbox 977 4010 1034 4093; x_wconf 80' lang='grc' dir='ltr'>τοῦ]</span> <span class='ocrx_word' id='word_1_210' title='bbox 1053 4013 1319 4073; x_wconf 86' lang='lat' dir='ltr'><strong>JuniusetBoisius</strong></span> 
     </span>
     <span class='ocr_line' id='line_1_29' title="bbox 279 4096 986 4170; baseline 0.001 -20"><span class='ocrx_word' id='word_1_211' title='bbox 279 4098 509 4169; x_wconf 76' lang='grc' dir='ltr'>σνγκεκρσιημίνης</span> <span class='ocrx_word' id='word_1_212' title='bbox 520 4097 684 4165; x_wconf 64' lang='lat' dir='ltr'><strong>videndum</strong></span> <span class='ocrx_word' id='word_1_213' title='bbox 696 4120 777 4170; x_wconf 83' lang='grc' dir='ltr'>παρα</span> <span class='ocrx_word' id='word_1_214' title='bbox 818 4096 937 4153; x_wconf 75' lang='lat' dir='ltr'><strong>mellent</strong></span> <span class='ocrx_word' id='word_1_215' title='bbox 950 4101 986 4151; x_wconf 85' lang='grc' dir='ltr'><strong>τό.</strong></span> 
     </span>
     <span class='ocr_line' id='line_1_30' title="bbox 278 4171 1319 4253; baseline -0.003 -20"><span class='ocrx_word' id='word_1_216' title='bbox 278 4200 356 4249; x_wconf 82' lang='grc' dir='ltr'>γουσι</span> <span class='ocrx_word' id='word_1_217' title='bbox 368 4180 413 4233; x_wconf 75' lang='grc' dir='ltr'><strong>τὸν</strong></span> <span class='ocrx_word' id='word_1_218' title='bbox 425 4183 484 4233; x_wconf 81' lang='grc' dir='ltr'>νοῦν</span> <span class='ocrx_word' id='word_1_219' title='bbox 495 4184 546 4233; x_wconf 80' lang='grc' dir='ltr'><strong>τῶν</strong></span> <span class='ocrx_word' id='word_1_220' title='bbox 558 4178 731 4250; x_wconf 65' lang='grc' dir='ltr'>ἀπειροτέρων.</span> <span class='ocrx_word' id='word_1_221' title='bbox 865 4195 907 4232; x_wconf 86' lang='lat'><strong>12.</strong></span> <span class='ocrx_word' id='word_1_222' title='bbox 914 4171 1100 4253; x_wconf 58' lang='grc' dir='ltr'>τολοίπωρῂι]</span> <span class='ocrx_word' id='word_1_223' title='bbox 1107 4176 1240 4248; x_wconf 54' lang='grc' dir='ltr'><strong>ἐσόμεθα]</strong></span> <span class='ocrx_word' id='word_1_224' title='bbox 1253 4177 1319 4231; x_wconf 74' lang='grc' dir='ltr'>ἐσώ-</span> 
     </span>
     <span class='ocr_line' id='line_1_31' title="bbox 321 4256 1319 4333; baseline -0.001 -20"><span class='ocrx_word' id='word_1_225' title='bbox 321 4276 346 4328; x_wconf 80' lang='lat'><strong>4.</strong></span> <span class='ocrx_word' id='word_1_226' title='bbox 376 4262 424 4313; x_wconf 78' lang='lat' dir='ltr'><strong>Kal</strong></span> <span class='ocrx_word' id='word_1_227' title='bbox 447 4260 470 4313; x_wconf 78' lang='grc' dir='ltr'><strong>εἰ</strong></span> <span class='ocrx_word' id='word_1_228' title='bbox 495 4258 714 4329; x_wconf 72' lang='grc' dir='ltr'>μὲν-ἀκούοντες</span> <span class='ocrx_word' id='word_1_229' title='bbox 734 4262 778 4315; x_wconf 78' lang='grc' dir='ltr'><strong>αὐ-</strong></span> <span class='ocrx_word' id='word_1_230' title='bbox 818 4260 883 4327; x_wconf 60' lang='lat' dir='ltr'><strong>mea</strong></span> <span class='ocrx_word' id='word_1_231' title='bbox 903 4256 978 4333; x_wconf 82' lang='lat' dir='ltr'><strong>apud</strong></span> <span class='ocrx_word' id='word_1_232' title='bbox 998 4256 1199 4327; x_wconf 73' lang='lat' dir='ltr'><strong>Colomesium,</strong></span> <span class='ocrx_word' id='word_1_233' title='bbox 1218 4275 1254 4314; x_wconf 84' lang='lat' dir='ltr'><strong>ex</strong></span> <span class='ocrx_word' id='word_1_234' title='bbox 1275 4256 1319 4312; x_wconf 92' lang='lat' dir='ltr'><strong>in-</strong></span> 
     </span>
     <span class='ocr_line' id='line_1_32' title="bbox 277 4334 1318 4418; baseline 0.002 -25"><span class='ocrx_word' id='word_1_235' title='bbox 277 4334 351 4418; x_wconf 63' lang='lat' dir='ltr'><strong>vem]</strong></span> <span class='ocrx_word' id='word_1_236' title='bbox 371 4338 451 4397; x_wconf 85' lang='lat' dir='ltr'><strong>Hsoc</strong></span> <span class='ocrx_word' id='word_1_237' title='bbox 469 4358 505 4397; x_wconf 87' lang='lat' dir='ltr'><strong>ex</strong></span> <span class='ocrx_word' id='word_1_238' title='bbox 519 4339 691 4416; x_wconf 82' lang='lat' dir='ltr'><strong>Apocryphs</strong></span> <span class='ocrx_word' id='word_1_239' title='bbox 705 4359 775 4415; x_wconf 80' lang='lat' dir='ltr'><strong>quc·</strong></span> <span class='ocrx_word' id='word_1_240' title='bbox 820 4338 898 4396; x_wconf 82' lang='lat' dir='ltr'><strong>curin</strong></span> <span class='ocrx_word' id='word_1_241' title='bbox 911 4357 1070 4414; x_wconf 78' lang='lat' dir='ltr'><strong>operarum,</strong></span> <span class='ocrx_word' id='word_1_242' title='bbox 1085 4346 1119 4396; x_wconf 88' lang='lat' dir='ltr'><strong>ut</strong></span> <span class='ocrx_word' id='word_1_243' title='bbox 1132 4337 1254 4409; x_wconf 85' lang='lat' dir='ltr'><strong>videtur,</strong></span> <span class='ocrx_word' id='word_1_244' title='bbox 1269 4358 1318 4395; x_wconf 86' lang='lat' dir='ltr'><strong>ns-</strong></span> 
     </span>
     <span class='ocr_line' id='line_1_33' title="bbox 277 4418 1319 4497; baseline 0.001 -20"><span class='ocrx_word' id='word_1_245' title='bbox 277 4418 345 4477; x_wconf 78' lang='lat' dir='ltr'><strong>dsm</strong></span> <span class='ocrx_word' id='word_1_246' title='bbox 366 4419 516 4497; x_wconf 78' lang='lat' dir='ltr'><strong>Scriptura</strong></span> <span class='ocrx_word' id='word_1_247' title='bbox 538 4421 668 4480; x_wconf 80' lang='lat' dir='ltr'><strong>desumto</strong></span> <span class='ocrx_word' id='word_1_248' title='bbox 691 4420 777 4479; x_wconf 81' lang='lat' dir='ltr'><strong>fuisse</strong></span> <span class='ocrx_word' id='word_1_249' title='bbox 819 4427 891 4485; x_wconf 87' lang='lat' dir='ltr'><strong>tum,</strong></span> <span class='ocrx_word' id='word_1_250' title='bbox 926 4419 1105 4478; x_wconf 84' lang='lat' dir='ltr'><strong>retinuerunt</strong></span> <span class='ocrx_word' id='word_1_251' title='bbox 1132 4418 1259 4477; x_wconf 85' lang='lat' dir='ltr'><strong>Clericus</strong></span> <span class='ocrx_word' id='word_1_252' title='bbox 1289 4426 1319 4478; x_wconf 89' lang='lat' dir='ltr'><strong>et</strong></span> 
     </span>
     <span class='ocr_line' id='line_1_34' title="bbox 277 4500 974 4579; baseline -0.001 -20"><span class='ocrx_word' id='word_1_253' title='bbox 277 4500 458 4579; x_wconf 84' lang='lat' dir='ltr'><strong>suspieentur</strong></span> <span class='ocrx_word' id='word_1_254' title='bbox 478 4502 653 4561; x_wconf 84' lang='lat' dir='ltr'><strong>Vendelinus</strong></span> <span class='ocrx_word' id='word_1_255' title='bbox 673 4510 702 4561; x_wconf 87' lang='lat' dir='ltr'><strong>et</strong></span> <span class='ocrx_word' id='word_1_256' title='bbox 722 4502 779 4561; x_wconf 83' lang='lat' dir='ltr'><strong>Co-</strong></span> <span class='ocrx_word' id='word_1_257' title='bbox 821 4501 974 4560; x_wconf 86' lang='lat' dir='ltr'><strong>Russelius.</strong></span> 
     </span>
     <span class='ocr_line' id='line_1_35' title="bbox 278 4578 1318 4661; baseline 0 -22"><span class='ocrx_word' id='word_1_258' title='bbox 278 4582 419 4643; x_wconf 68' lang='lat' dir='ltr'><strong>lomoelus.</strong></span> <span class='ocrx_word' id='word_1_259' title='bbox 858 4582 896 4639; x_wconf 83' lang='lat' dir='ltr'><strong>lb.</strong></span> <span class='ocrx_word' id='word_1_260' title='bbox 919 4586 991 4655; x_wconf 68' lang='grc' dir='ltr'>Λέγει</span> <span class='ocrx_word' id='word_1_261' title='bbox 1010 4585 1060 4655; x_wconf 83' lang='grc' dir='ltr'><strong>γὰρ</strong></span> <span class='ocrx_word' id='word_1_262' title='bbox 1081 4586 1122 4638; x_wconf 79' lang='grc' dir='ltr'><strong>καὶ</strong></span> <span class='ocrx_word' id='word_1_263' title='bbox 1141 4606 1162 4637; x_wconf 80' lang='grc' dir='ltr'><strong>κ.</strong></span> <span class='ocrx_word' id='word_1_264' title='bbox 1177 4606 1199 4639; x_wconf 85' lang='grc' dir='ltr'><strong>τ.</strong></span> <span class='ocrx_word' id='word_1_265' title='bbox 1215 4578 1255 4661; x_wconf 86' lang='grc' dir='ltr'><strong>λ.]</strong></span> <span class='ocrx_word' id='word_1_266' title='bbox 1282 4582 1318 4639; x_wconf 90' lang='lat' dir='ltr'><strong>In</strong></span> 
     </span>
     <span class='ocr_line' id='line_1_36' title="bbox 320 4661 1317 4744; baseline -0.002 -21"><span class='ocrx_word' id='word_1_267' title='bbox 320 4679 346 4737; x_wconf 88' lang='lat'><strong>5.</strong></span> <span class='ocrx_word' id='word_1_268' title='bbox 362 4661 642 4744; x_wconf 76' lang='grc' dir='ltr'>κσκοδιδσσκαλσῦντες]</span> <span class='ocrx_word' id='word_1_269' title='bbox 662 4664 777 4723; x_wconf 89' lang='lat' dir='ltr'><strong>Nomen</strong></span> <span class='ocrx_word' id='word_1_270' title='bbox 820 4663 892 4722; x_wconf 82' lang='lat' dir='ltr'><strong>Edd</strong></span> <span class='ocrx_word' id='word_1_271' title='bbox 918 4672 985 4721; x_wconf 81' lang='lat' dir='ltr'><strong>ante</strong></span> <span class='ocrx_word' id='word_1_272' title='bbox 1005 4664 1175 4722; x_wconf 75' lang='lat' dir='ltr'><strong>ll&#39;ottonum</strong></span> <span class='ocrx_word' id='word_1_273' title='bbox 1198 4667 1239 4719; x_wconf 80' lang='grc' dir='ltr'><strong><em>καί</em></strong></span> <span class='ocrx_word' id='word_1_274' title='bbox 1260 4684 1317 4721; x_wconf 89' lang='lat' dir='ltr'><strong>non</strong></span> 
     </span>
     <span class='ocr_line' id='line_1_37' title="bbox 277 4745 931 4823; baseline 0 -20"><span class='ocrx_word' id='word_1_275' title='bbox 277 4746 774 4823; x_wconf 62' lang='lat' dir='ltr'><strong>montuoxatlohsbcsspudlgnst.</strong></span> <span class='ocrx_word' id='word_1_276' title='bbox 818 4745 931 4823; x_wconf 87' lang='lat' dir='ltr'><strong>legitur.</strong></span> 
     </span>
     <span class='ocr_line' id='line_1_38' title="bbox 279 4821 1315 4905; baseline 0 -21"><span class='ocrx_word' id='word_1_277' title='bbox 279 4826 331 4903; x_wconf 83' lang='lat' dir='ltr'><strong>Ep.</strong></span> <span class='ocrx_word' id='word_1_278' title='bbox 357 4828 394 4885; x_wconf 74' lang='lat' dir='ltr'><strong>sd</strong></span> <span class='ocrx_word' id='word_1_279' title='bbox 418 4827 527 4885; x_wconf 71' lang='lat' dir='ltr'><strong>Phllsd.</strong></span> <span class='ocrx_word' id='word_1_280' title='bbox 553 4828 568 4904; x_wconf 64' lang='grc' dir='ltr'><strong>ξ</strong></span> <span class='ocrx_word' id='word_1_281' title='bbox 594 4847 619 4901; x_wconf 85' lang='lat'><strong>2,</strong></span> <span class='ocrx_word' id='word_1_282' title='bbox 644 4835 674 4887; x_wconf 74' lang='lat' dir='ltr'><strong>et</strong></span> <span class='ocrx_word' id='word_1_283' title='bbox 700 4828 775 4904; x_wconf 78' lang='lat' dir='ltr'><strong>apud</strong></span> <span class='ocrx_word' id='word_1_284' title='bbox 862 4846 906 4901; x_wconf 85' lang='lat'><strong>13.</strong></span> <span class='ocrx_word' id='word_1_285' title='bbox 921 4828 1083 4900; x_wconf 71' lang='grc' dir='ltr'>Ταλσίπωροί</span> <span class='ocrx_word' id='word_1_286' title='bbox 1096 4821 1191 4905; x_wconf 70' lang='grc' dir='ltr'>οἶ[σιν]</span> <span class='ocrx_word' id='word_1_287' title='bbox 1210 4821 1246 4905; x_wconf 84' lang='lat' dir='ltr'><strong>ol]</strong></span> <span class='ocrx_word' id='word_1_288' title='bbox 1272 4825 1315 4884; x_wconf 74' lang='lat' dir='ltr'><strong>Cf.</strong></span> 
     </span>
     <span class='ocr_line' id='line_1_39' title="bbox 278 4907 1301 4986; baseline 0 -21"><span class='ocrx_word' id='word_1_289' title='bbox 278 4907 418 4986; x_wconf 80' lang='lat' dir='ltr'><strong>Epiphnn.</strong></span> <span class='ocrx_word' id='word_1_290' title='bbox 431 4910 518 4968; x_wconf 82' lang='lat' dir='ltr'><strong>Hcer.</strong></span> <span class='ocrx_word' id='word_1_291' title='bbox 531 4908 602 4967; x_wconf 84' lang='lat' dir='ltr'><strong>xxvi</strong></span> <span class='ocrx_word' id='word_1_292' title='bbox 617 4929 643 4983; x_wconf 80' lang='lat'><strong>4,</strong></span> <span class='ocrx_word' id='word_1_293' title='bbox 655 4909 734 4967; x_wconf 86' lang='lat' dir='ltr'><strong>xxvii</strong></span> <span class='ocrx_word' id='word_1_294' title='bbox 747 4931 773 4982; x_wconf 85' lang='lat'><strong>4.</strong></span> <span class='ocrx_word' id='word_1_295' title='bbox 818 4909 908 4985; x_wconf 87' lang='lat' dir='ltr'><strong>Epist.</strong></span> <span class='ocrx_word' id='word_1_296' title='bbox 931 4928 992 4985; x_wconf 90' lang='lat' dir='ltr'><strong>sup.</strong></span> <span class='ocrx_word' id='word_1_297' title='bbox 1017 4908 1094 4984; x_wconf 71' lang='lat'><strong>§²32</strong></span> <span class='ocrx_word' id='word_1_298' title='bbox 1116 4927 1142 4983; x_wconf 87' lang='lat' dir='ltr'><strong>p.</strong></span> <span class='ocrx_word' id='word_1_299' title='bbox 1163 4926 1218 4964; x_wconf 92' lang='lat'><strong>100</strong></span> <span class='ocrx_word' id='word_1_300' title='bbox 1240 4907 1257 4964; x_wconf 84' lang='lat' dir='ltr'><strong>l</strong></span> <span class='ocrx_word' id='word_1_301' title='bbox 1277 4926 1301 4965; x_wconf 78' lang='lat' dir='ltr'><strong>s.</strong></span> 
     </span>
     <span class='ocr_line' id='line_1_40' title="bbox 319 4986 1318 5071; baseline -0.001 -23"><span class='ocrx_word' id='word_1_302' title='bbox 319 4992 345 5049; x_wconf 89' lang='lat'><strong>6.</strong></span> <span class='ocrx_word' id='word_1_303' title='bbox 371 4993 495 5049; x_wconf 68' lang='grc' dir='ltr'>ἀναιτίους</span> <span class='ocrx_word' id='word_1_304' title='bbox 519 4987 630 5071; x_wconf 50' lang='lat' dir='ltr'><strong>doxis]</strong></span> <span class='ocrx_word' id='word_1_305' title='bbox 657 4991 775 5049; x_wconf 84' lang='lat' dir='ltr'><strong>Indubi-</strong></span> <span class='ocrx_word' id='word_1_306' title='bbox 862 5009 905 5061; x_wconf 90' lang='lat'><strong>14.</strong></span> <span class='ocrx_word' id='word_1_307' title='bbox 934 4995 958 5047; x_wconf 85' lang='lat' dir='ltr'><strong>ol</strong></span> <span class='ocrx_word' id='word_1_308' title='bbox 981 4986 1123 5068; x_wconf 46' lang='lat' dir='ltr'><strong>luponem]</strong></span> <span class='ocrx_word' id='word_1_309' title='bbox 1154 4988 1225 5046; x_wconf 80' lang='lat' dir='ltr'><strong>Edd.</strong></span> <span class='ocrx_word' id='word_1_310' title='bbox 1251 4996 1318 5048; x_wconf 73' lang='lat' dir='ltr'><strong>ante</strong></span> 
     </span>
     <span class='ocr_line' id='line_1_41' title="bbox 277 5072 1146 5149; baseline -0.005 -18"><span class='ocrx_word' id='word_1_311' title='bbox 277 5078 374 5132; x_wconf 74' lang='lat' dir='ltr'><strong>tenter</strong></span> <span class='ocrx_word' id='word_1_312' title='bbox 390 5073 458 5132; x_wconf 90' lang='lat' dir='ltr'><strong>dedi</strong></span> <span class='ocrx_word' id='word_1_313' title='bbox 476 5072 553 5149; x_wconf 91' lang='lat' dir='ltr'><strong>quod</strong></span> <span class='ocrx_word' id='word_1_314' title='bbox 569 5073 722 5149; x_wconf 84' lang='lat' dir='ltr'><strong>legendum</strong></span> <span class='ocrx_word' id='word_1_315' title='bbox 735 5073 777 5130; x_wconf 90' lang='lat' dir='ltr'><strong>vi·</strong></span> <span class='ocrx_word' id='word_1_316' title='bbox 818 5072 908 5131; x_wconf 87' lang='lat' dir='ltr'><strong>Wott.</strong></span> <span class='ocrx_word' id='word_1_317' title='bbox 929 5076 953 5127; x_wconf 83' lang='lat' dir='ltr'><strong>ol</strong></span> <span class='ocrx_word' id='word_1_318' title='bbox 974 5074 1002 5127; x_wconf 75' lang='grc' dir='ltr'><strong>δὲ</strong></span> <span class='ocrx_word' id='word_1_319' title='bbox 1022 5072 1146 5144; x_wconf 72' lang='grc' dir='ltr'>λέγοντες.</span> 
     </span>
     <span class='ocr_line' id='line_1_42' title="bbox 277 5147 1318 5232; baseline 0 -22"><span class='ocrx_word' id='word_1_320' title='bbox 277 5154 381 5215; x_wconf 75' lang='lat' dir='ltr'><strong>derunt</strong></span> <span class='ocrx_word' id='word_1_321' title='bbox 394 5156 431 5213; x_wconf 75' lang='lat' dir='ltr'><strong>sd</strong></span> <span class='ocrx_word' id='word_1_322' title='bbox 445 5174 534 5213; x_wconf 84' lang='lat' dir='ltr'><strong>unum</strong></span> <span class='ocrx_word' id='word_1_323' title='bbox 550 5153 691 5213; x_wconf 73' lang='lat' dir='ltr'><strong>EditoreS.</strong></span> <span class='ocrx_word' id='word_1_324' title='bbox 724 5154 776 5213; x_wconf 85' lang='lat' dir='ltr'><strong>Ju·</strong></span> <span class='ocrx_word' id='word_1_325' title='bbox 864 5170 906 5227; x_wconf 86' lang='lat'><strong>¹5·</strong></span> <span class='ocrx_word' id='word_1_326' title='bbox 922 5156 963 5211; x_wconf 72' lang='grc' dir='ltr'><strong>ἐπὶ</strong></span> <span class='ocrx_word' id='word_1_327' title='bbox 976 5160 1026 5209; x_wconf 82' lang='grc' dir='ltr'><strong>τῶν</strong></span> <span class='ocrx_word' id='word_1_328' title='bbox 1038 5147 1200 5232; x_wconf 72' lang='grc' dir='ltr'>πατ[ε]ρων]</span> <span class='ocrx_word' id='word_1_329' title='bbox 1212 5151 1318 5210; x_wconf 78' lang='lat' dir='ltr'><strong>Juulus</strong></span> 
     </span>
    </p>
   </div>
   <div class='ocr_carea' id='block_1_4' title="bbox 0 0 1630 6614">
    <p class='ocr_par' dir='ltr' id='par_1_5' title="bbox 0 0 1630 6614">
     <span class='ocr_line' id='line_1_43' title="bbox 0 0 1630 6614; baseline 0 0"><span class='ocrx_word' id='word_1_330' title='bbox 0 0 1630 6614; x_wconf 95' lang='lat' dir='ltr'><strong> </strong></span> 
     </span>
    </p>
   </div>
  </div>
 </body>
</html>
