3250 6617
405 1078 470 1139 200
770 1073 802 1135 S.
826 1072 1082 1137 CLEMENTIS

407 1246 553 1333 veiseis
570 1246 732 1341 θάνατον,
751 1245 809 1325 ἵνα
827 1244 1005 1351 ῥύσιονιαι
1024 1244 1081 1324 διὰ
1104 1253 1168 1324 τοῦ
1190 1246 1326 1325 ἑαυτῶν
1343 1246 1436 1343 αἷμα

406 1411 468 1461 τος
485 1373 567 1459 τούς
583 1373 743 1458 πολίτας·
771 1377 905 1453 πολλοὶ
926 1370 1156 1480 ἐξεχώρησαν
1174 1375 1273 1453 ἰδίων
1289 1372 1439 1469 πόλεων,

408 1506 466 1583 ἵνα
487 1500 537 1604 μὴ
556 1497 801 1602 στασιάζωσιν
818 1504 877 1581 ἐπὶ
898 1506 1035 1582 πλεῖον,
1082 1498 1328 1599 Ἐπιστάμεθα
1351 1511 1439 1582 πολ·

408 1630 495 1716 λούς
511 1633 548 1709 ἐν
565 1631 649 1730 ἡμῖν
664 1625 955 1734 παραδεδωκότας
976 1626 1119 1715 ἑαυτοὺς
1135 1633 1183 1714 εἰς
1201 1627 1330 1728 δεσμά,
1352 1629 1441 1714 ὅπως

406 1759 543 1862 ἑτέρους
561 1755 821 1858 λοτρώσονται·
853 1758 986 1837 πολλοὶ
1007 1755 1149 1841 ἑαυτοὺς
1171 1753 1384 1860 παρέδωκαν
1400 1762 1462 1843 eius

408 1888 580 1984 δουλείαν,
597 1888 654 1965 καὶ
672 1884 848 1979 λαβόντες
861 1881 925 1968 τὰς
942 1880 1045 1983 τιμὰς
1056 1884 1181 1981 αὐτῶν,
1194 1882 1333 1987 ἑτέρους
1348 1885 1439 1991 ἐψώ.

406 2050 528 2114 μισαν,
562 2014 710 2094 Πολλοὶ
727 2020 887 2113 γυναῖκες
904 2014 1198 2109 ἐνδυναμαθεῖσαι
1216 2010 1275 2090 διὰ
1292 2015 1358 2111 τῆς
1375 2010 1439 2118 χά-

241 2158 394 2277 jiffifflm
406 2177 501 2246 ριτος
517 2150 581 2221 τοῦ
599 2149 703 2238 Θεοῦ,
714 2138 963 2220 ἐπιτελέσαντο
979 2135 1105 2217 πολλὰ
1122 2140 1273 2244 ἀνδρεῖα.
1316 2140 1441 2221 'Iuvat

407 2415 600 2498 auctoritate]
630 2418 816 2497 sequentium
829 2427 901 2479 tem-
945 2420 1208 2480 Schoenemannnm
1241 2420 1292 2497 qui
1326 2422 1440 2499 praebet

407 2521 509 2578 porum
522 2501 640 2574 Heroas,
651 2501 700 2578 qui
714 2502 744 2558 in
757 2502 810 2560 hac
820 2502 903 2561 lande
943 2505 1130 2576 λυτρῶσοιτοι
1173 2501 1216 2561 Of.
1239 2501 1342 2561 Herm.
1368 2502 1437 2563 Pasa

407 2583 578 2655 claruerunt,
596 2582 701 2641 referre
720 2603 799 2641 mora
820 2591 900 2643 esset
944 2583 978 2640 II
1004 2584 1063 2656 viii,
1092 2585 1121 2653 ἐξ
1146 2585 1260 2658 ἀναγκῶν
1285 2587 1439 2656 amputata

408 2664 509 2723 Gentis
535 2670 632 2722 tamen
662 2672 776 2722 nostrae
803 2664 903 2724 Proto-
943 2667 1002 2723 τοὺς
1021 2665 1128 2724 coriam
1148 2671 1194 2722 τοῦ
1213 2670 1287 2722 θεοῦ.
1331 2664 1378 2724 De
1395 2684 1439 2725 ex·

406 2754 517 2822 martyr
527 2745 647 2804 Sanctus
658 2744 785 2804 Albanus
795 2766 812 2803 a
822 2747 905 2806 nobis
945 2745 1013 2804 imia
1026 2746 1168 2805 Ecclesiae
1182 2746 1329 2805 Romnae
1343 2747 1439 2806 libem·

406 2826 554 2904 praeteriri
578 2827 697 2885 minime
719 2827 813 2898 debet,
837 2829 904 2904 ‘qni
944 2827 1025 2886 litate
1046 2847 1115 2905 erga
1138 2827 1239 2887 iratroe
1266 2828 1303 2886 sd
1328 2829 1440 2888 metalla

407 2908 481 2966 ‘sub
505 2908 692 2979 Diocletiano,
716 2928 769 2985 pro
794 2908 904 2968 Clerico
944 2909 1093 2968 damnatos
1106 2908 1200 2969 autin
1220 2909 1356 2968 exsilium
1376 2910 1439 2971 mis·

408 2989 548 3067 ‘hospita
573 3009 658 3066 quem
679 2990 904 3065 persecutionem
944 3010 998 3063 sos,
1020 3009 1131 3049 necnon
1152 2990 1188 3049 de
1209 3009 1290 3050 more
1316 2992 1439 3069 captivo·

407 3070 585 3147 ‘fugientem
598 3078 768 3148 susceperat,
779 3072 904 3149 seipsum
943 3090 1009 3128 rum
1022 3071 1251 3131 redimendorum
1269 3071 1301 3129 in
1315 3071 1440 3133 Ecclesia

406 3152 551 3224 ‘tradens
572 3162 637 3229 post
653 3153 772 3210 verbera
792 3153 904 3230 aliaque
943 3153 1100 3230 antiquitus
1125 3161 1239 3230 recepta
1271 3152 1306 3212 οἱ
1337 3154 1437 3215 Boura

408 3233 574 3291 ‘acerbiora
616 3241 766 3305 tormenta,
810 3234 904 3312 capite
944 3234 1034 3312 Reliq.
1051 3234 1151 3293 Sanni
1172 3254 1199 3311 p.
1219 3236 1283 3309 187.
1327 3234 1439 3296 Drene

408 3315 529 3390 ‘plexus
552 3323 596 3374 est
610 3315 633 3373 :’
664 3315 903 3393 quemadmodum
944 3315 999 3375 lius
1025 3316 1126 3376 statuit
1150 3315 1243 3375 locum
1271 3336 1307 3375 ex
1333 3316 1440 3377 Henna

408 3395 554 3467 Beronius,
568 3397 598 3453 in
613 3395 666 3454 An.
683 3415 750 3471 303,
771 3416 808 3455 ex
826 3397 905 3456 Beda
944 3396 1021 3456 Past.
1031 3397 1151 3456 citatum
1163 3396 1220 3455 huc
1233 3416 1290 3456 non
1305 3406 1437 3476 spectare.

407 3485 533 3536 nostrate
546 3478 694 3536 historiam
707 3487 813 3536 narrat.
839 3479 904 3538 Hoc
944 3479 985 3538 At
1008 3479 1165 3537 audiendus
1188 3485 1232 3537 est
1258 3478 1392 3539 Suioems
1411 3482 1438 3539 in

406 3568 502 3618 autern
515 3559 545 3616 in
559 3559 621 3618 loco
632 3560 774 3617 observari
787 3562 903 3637 poterit,
943 3580 1004 3618 voc.
1036 3560 1182 3619 ‘Viaotda
1202 3567 1231 3618 et
1255 3580 1354 3620 carcar
1375 3572 1439 3622 sunt

405 3642 527 3699 durante
559 3641 720 3718 primaevae
757 3641 903 3701 charitatis
944 3641 1075 3716 ‘donym’
1106 3640 1185 3700 Coni
1199 3640 1250 3698 III
1264 3641 1356 3702 Maca
1371 3644 1438 3719 ivo,

406 3722 902 3800 ν
943 3725 1438 3885 uuum„

406 3886 478 3962 gotii
499 3886 630 3950 dabatur,
654 3892 687 3943 ut
708 3885 840 3962 propriae
860 3906 903 3945 sa-
943 3884 1095 3962 legendum
1127 3892 1210 3961 putat
1244 3888 1370 3960 δουλείαν,
1400 3888 1438 3946 ἵνα

405 3966 473 4025 lutis
493 3966 641 4043 dispendio
660 3966 780 4025 alienam
800 3987 900 4044 procu·
943 3970 1043 4041 ἑτέρους
1056 3969 1257 4040 ἐλευθερώσωσι·
1271 3971 1436 4027 amolire

403 4055 521 4119 rarent;
543 4048 629 4124 inque
642 4056 703 4107 tam
723 4068 827 4125 magna
846 4050 902 4108 col·
942 4052 1068 4119 λησαιτὰ
1081 4051 1234 4121 ὑπάρχοντα,
1249 4051 1289 4105 καὶ
1307 4053 1437 4122 λαβόντα,

404 4130 479 4208 legia
504 4128 653 4187 hominum
680 4130 844 4197 excrevisse,
868 4140 902 4191 ut
942 4153 965 4186 κ.
980 4155 1004 4186 τ.
1019 4135 1045 4186 λ.
1087 4128 1143 4187 Sed
1165 4148 1221 4186 non
1246 4148 1319 4206 opus
1343 4139 1386 4191 est
1406 4140 1437 4191 ut

404 4231 504 4270 eorum
524 4231 673 4269 numerum
689 4210 901 4288 Imperatorum
940 4210 1048 4287 aliquid
1061 4218 1204 4269 mutemus
1215 4229 1224 4282 ;
1245 4210 1351 4273 licebat
1364 4213 1436 4272 enin

404 4292 549 4370 rescriptis
559 4312 671 4350 necesse
682 4301 755 4351 esset
763 4313 899 4365 coercere,
940 4312 1046 4350 annum
1060 4292 1225 4350 vicesimum
1245 4294 1344 4369 egenti
1364 4294 1435 4373 seip-

404 4374 643 4450 quemadmodum
656 4374 753 4432 videre
771 4381 815 4433 est
829 4375 898 4433 cod.
940 4393 1004 4431 sum
1018 4374 1139 4433 vendere
1158 4372 1189 4431 in
1209 4373 1388 4449 servitutem,
1405 4384 1436 4435 ut

405 4456 509 4514 Theod.
526 4456 572 4512 lib.
590 4455 638 4512 xvi
651 4455 707 4513 Tit.
722 4475 747 4525 a,
758 4456 794 4514 de
804 4456 898 4532 Episc.
940 4454 1001 4531 ipse
1014 4455 1138 4532 pretinm
1150 4454 1298 4531 acciperet
1314 4455 1433 4516 WO'I'P.

404 4536 899 4613 Eccl.etClericisLeg.43.FELL.
940 4536 987 4593 Ad
1014 4537 1117 4594 horum
1146 4535 1313 4613 exemplum
1339 4546 1435 4616 mn

405 4618 449 4676 De
483 4618 664 4676 Parabolanis
696 4618 751 4676 vid.
792 4618 898 4677 Suicer.
941 4617 972 4675 Β.
1002 4618 1137 4676 Paulinus
1164 4617 1295 4677 Nolanus
1322 4618 1435 4679 Praesul

403 4699 484 4759 Thes.
502 4700 576 4758 Eccl.
592 4699 622 4756 iu
635 4719 711 4757 voce.
940 4699 1028 4758 subiit
1048 4699 1216 4758 servitutem
1237 4698 1433 4773 voluntariam,

445 4803 470 4855 4.
487 4784 514 4838 ἐν
526 4782 596 4855 ἡμῖν]
619 4780 696 4838 Bene
717 4779 849 4840 Gundert
864 4782 901 4839 sd
940 4789 973 4839 ut
987 4781 1078 4839 filium
1090 4780 1192 4838 viduae
1208 4779 1352 4855 liberaret,
1365 4783 1433 4843 refe

403 4862 546 4922 Romanos
559 4862 654 4928 refert
668 4862 833 4938 Zaocanfl
842 4863 902 4938 fur
940 4870 1021 4921 rente
1045 4863 1152 4939 Magno
1172 4861 1322 4939 Gregorio,
1343 4864 1390 4923 lib.
1404 4864 1433 4923 iii

402 4945 516 5003 ἱιαλιιν.
532 4943 684 5020 Theolopia,
695 4947 779 5019 1853,
790 4965 817 5021 p.
831 4947 899 5018 650.
942 4943 1137 5021 Dialogorum‚
1155 4963 1208 5021 cap
1218 4988 1224 5000 .
1236 4942 1255 5001 i.
1275 4942 1327 5003 ‘Ar
1346 4948 1431 5021 οὶχμί-

402 5025 568 5085 LIPSIUS.
940 5030 1029 5095 λιπον,
1051 5025 1145 5102 inquit
1166 5025 1292 5084 incertus
1314 5028 1433 5106 scriptor

442 5122 468 5180 5.
503 5103 698 5186 λυτρώσοποι]
747 5107 796 5165 Ita
832 5126 897 5164 cum
937 5106 973 5165 de
994 5107 1106 5165 Persica
1128 5106 1297 5184 captivitate
1316 5128 1335 5168 s
1352 5109 1385 5169 R
1401 5110 1429 5167 P.

401 5187 469 5247 Cod.
482 5188 568 5248 MSto
579 5187 651 5246 Edu.
664 5207 770 5261 omnes,
784 5197 897 5265 praeter
937 5188 1088 5248 Francisoo
1122 5187 1295 5249 combefisio
1329 5190 1430 5270 publici
