3250 6617
408 1059 473 1126 216
773 1065 806 1128 S.
830 1062 1087 1130 CLEMENTIS

242 1260 387 1376 Qumi-
410 1233 514 1344 νοίτιρ,
526 1238 563 1314 ἐν
576 1237 693 1342 εἰρήνῃ
711 1238 800 1337 μετὰ
817 1246 931 1345 χαρᾶς
948 1242 986 1319 ἐν
998 1238 1097 1346 τοίχει
1109 1241 1342 1348 ἀναπέμψατε
1359 1239 1452 1344 πρὸς·

299 1363 306 1375 ’
408 1363 511 1463 ἡμᾶς,
532 1364 628 1450 ὅπως
645 1372 774 1447 θᾶττον
793 1364 859 1466 τὴν
876 1367 1037 1448 εῦκταιῦιν
1052 1370 1110 1448 καὶ
1133 1368 1348 1469 ἐπιποθήτην
1366 1370 1451 1469 ἡμῖν

408 1491 547 1596 εἰρήνην
574 1497 632 1573 καί
661 1492 826 1594 ὁμόνοιαν
850 1495 1146 1598 ἀπαγγέλλωσιν·
1182 1501 1229 1582 εἰς
1255 1495 1297 1577 τὸ
1324 1494 1451 1603 τάχιον

408 1622 465 1699 καὶ
488 1621 580 1720 ἡμᾶς
603 1627 754 1728 χαρῆναι
774 1627 853 1728 περὶ
877 1628 940 1724 τῆς
961 1626 1165 1710 εὐσταθείας
1186 1627 1294 1723 ὑμῶν.

242 1764 393 1814 Benedictio·
461 1750 511 1828 ‘H
541 1748 642 1855 χάρις
667 1759 731 1832 τοῦ
756 1754 890 1856 Κυρίου
916 1753 1017 1853 ἡμῶν
1036 1753 1160 1851 Ἰησοῦ
1185 1758 1350 1858 Χριστοῦ
1371 1755 1481 1852 μεθ’5

408 1877 517 1976 ῦμιῦν,
550 1882 608 1957 καὶ
642 1876 731 1978 μετὰ
758 1877 902 1959 πάντων
930 1883 1095 1986 πανταχῇ
1125 1887 1196 1959 τῶν
1226 1880 1449 1980 κεκλημένων

409 2003 476 2085 ὑπὸ
494 2014 558 2086 τοῦ
578 2011 757 2104 Θεοῦ,καί
786 2008 828 2087 δι’
845 2008 964 2087 αῦτοῦ·
993 2008 1035 2086 δι’
1056 2007 1097 2087 οὗ
1115 2009 1211 2114 αὐτῷ
1234 2004 1334 2111 δόξα,
1352 2008 1448 2108 τιμή,

407 2131 546 2236 κράτος,
580 2138 638 2214 καὶ
665 2133 918 2237 μεγαλωσύνη,
947 2133 1073 2240 θρόνος
1104 2133 1251 2231 αἰώνιος,
1275 2135 1347 2216 ἀπὸ
1374 2142 1449 2216 τιῦν

407 2261 543 2342 αἰώνων
560 2267 608 2348 εἰς
634 2262 716 2349 τοῦς
740 2268 869 2349 αἰῶνας
892 2271 965 2344 τῶν
982 2262 1130 2344 αἰώνων.
1188 2262 1318 2364 Ἀμήν.

541 2494 735 2577 Κλήμεντος
751 2494 835 2591 πρὸς
852 2495 1044 2593 Κορινθίους
1058 2497 1252 2579 Ἐπιστολὴ
1270 2496 1312 2568 α’.
1465 2513 1500 2551 10

407 2781 494 2839 quum
509 2761 596 2818 fuerit
605 2761 666 2836 jam
682 2765 775 2818 aetate
789 2779 905 2835 provec-
947 2760 1088 2819 Eumdem
1107 2778 1168 2818 esse
1182 2759 1382 2835 Fortunatam,
1397 2764 1445 2841 qui

406 2851 461 2914 tus,
470 2861 646 2919 magnaeque
659 2841 735 2918 apud
750 2840 907 2899 Ecclesiam
947 2862 1012 2900 eum
1036 2841 1181 2919 Stephano
1206 2850 1235 2900 et
1259 2841 1385 2902 Achaico
1409 2845 1446 2903 nd

407 2923 623 2983 Corinthiomm
634 2923 726 2981 famae
740 2930 769 2981 et
779 2923 906 2982 authori·
947 2924 982 2980 D.
997 2923 1124 2995 Paulum,
1139 2923 1209 2981 dum
1222 2932 1321 3002 egeret
1330 2923 1446 3002 Ephesi,

406 3006 482 3076 tetis,
505 3025 522 3063 e
544 3004 701 3063 Corinthiis
723 3004 826 3062 missus
848 3004 905 3062 Re
945 3004 1092 3080 ablegatus
1114 3004 1216 3076 fuerat,
1235 3005 1363 3065 admittit
1383 3007 1446 3067 He-

407 3107 484 3144 mem
510 3086 599 3158 venit,
627 3093 660 3144 ut
690 3085 836 3143 Romanos
869 3085 905 3143 de
944 3084 1035 3159 felius,
1050 3086 1080 3143 in
1099 3086 1195 3145 medio
1214 3087 1351 3164 relinquit
1364 3088 1447 3147 Win-

406 3168 558 3227 schismate
582 3167 716 3225 certiores
739 3166 852 3238 feceret,
875 3173 905 3225 et
945 3166 1154 3239 disehmannus,
1198 3169 1314 3227 omnino
1358 3179 1447 3249 neget

406 3257 536 3327 posceret
562 3268 661 3306 eorum
688 3266 772 3324 opem
799 3247 836 3305 ed
862 3266 905 3305 se·
946 3247 1022 3307 Guil.
1039 3249 1157 3308 Burtom

406 3332 513 3390 dandas
527 3331 592 3389 lites
606 3329 731 3388 infelices
741 3329 817 3405 apud
828 3327 906 3406 ipsos
988 3350 1013 3389 2.
1033 3327 1198 3469 ἔπιποθὴπηηέ
1219 3330 1268 3391 Ite
1289 3350 1355 3391 eum
1372 3332 1443 3393 θοὰ

406 3422 490 3473 ortas.
503 3411 623 3470 WOTT.
653 3414 693 3467 καί
705 3430 763 3468 non
776 3410 906 3487 agnoscit
946 3410 1032 3470 Msto
1056 3411 1144 3470 Wott
1197 3412 1280 3471 useel.
1311 3413 1443 3474 Gellemi

406 3496 426 3553 J
428 3496 520 3552 unius.
562 3494 637 3552 Cum
645 3492 783 3551 Wottono
796 3492 905 3550 faciunt
946 3492 1148 3551 Schoenemen.
1163 3493 1255 3553 Hefel.
1266 3494 1444 3573 Reithmayr.

407 3577 496 3636 Cotel.
526 3575 621 3633 Devis.
652 3574 734 3651 Frey.
772 3573 902 3633 Gellnnd.
946 3581 975 3632 et
989 3575 1155 3634 Dresselius.
1198 3574 1312 3635 Caeteii
1323 3580 1445 3651 ἐπιπόθη-
