<?xml version="1.0" encoding="UTF-8"?>
<!DOCTYPE html PUBLIC "-//W3C//DTD XHTML 1.0 Transitional//EN"
    "http://www.w3.org/TR/xhtml1/DTD/xhtml1-transitional.dtd">
<html xmlns="http://www.w3.org/1999/xhtml" xml:lang="en" lang="en">
 <head>
  <title>
</title>
<meta http-equiv="Content-Type" content="text/html;charset=utf-8" />
  <meta name='ocr-system' content='tesseract 3.04.00' />
  <meta name='ocr-capabilities' content='ocr_page ocr_carea ocr_par ocr_line ocrx_word'/>
</head>
<body>
  <div class='ocr_page' id='page_1' title='image "./sclementisroman00polygoog_0137.png"; bbox 0 0 3250 6617; ppageno 0'>
   <div class='ocr_carea' id='block_1_1' title="bbox 536 1080 1281 1159">
    <p class='ocr_par' dir='ltr' id='par_1_1' title="bbox 536 1080 1281 1159">
     <span class='ocr_line' id='line_1_1' title="bbox 536 1080 1281 1159; baseline -0.004 -14"><span class='ocrx_word' id='word_1_1' title='bbox 536 1080 598 1145; x_wconf 79' lang='grc' dir='ltr'><strong>ΑΙ)</strong></span> <span class='ocrx_word' id='word_1_2' title='bbox 620 1082 912 1159; x_wconf 78' lang='lat' dir='ltr'><strong>CORINTHIOS,</strong></span> <span class='ocrx_word' id='word_1_3' title='bbox 935 1083 989 1145; x_wconf 82' lang='lat' dir='ltr'><strong>xii.</strong></span> <span class='ocrx_word' id='word_1_4' title='bbox 1243 1082 1281 1144; x_wconf 85' lang='lat'><strong>51</strong></span> 
     </span>
    </p>
   </div>
   <div class='ocr_carea' id='block_1_2' title="bbox 240 1254 1396 2996">
    <p class='ocr_par' dir='ltr' id='par_1_2' title="bbox 240 1254 1396 2996">
     <span class='ocr_line' id='line_1_2' title="bbox 242 1254 1385 1331; baseline -0.002 -4"><span class='ocrx_word' id='word_1_5' title='bbox 242 1254 416 1328; x_wconf 77' lang='lat' dir='ltr'><strong>meretrix</strong></span> <span class='ocrx_word' id='word_1_6' title='bbox 446 1254 636 1330; x_wconf 88' lang='lat' dir='ltr'><strong>incolumis</strong></span> <span class='ocrx_word' id='word_1_7' title='bbox 669 1266 816 1331; x_wconf 87' lang='lat' dir='ltr'><strong>servata</strong></span> <span class='ocrx_word' id='word_1_8' title='bbox 849 1266 917 1330; x_wconf 91' lang='lat' dir='ltr'><strong>est.</strong></span> <span class='ocrx_word' id='word_1_9' title='bbox 974 1256 1096 1329; x_wconf 77' lang='lat' dir='ltr'>Missis</span> <span class='ocrx_word' id='word_1_10' title='bbox 1131 1254 1229 1328; x_wconf 89' lang='lat' dir='ltr'><strong>enim</strong></span> <span class='ocrx_word' id='word_1_11' title='bbox 1263 1282 1285 1325; x_wconf 85' lang='lat' dir='ltr'><strong>a</strong></span> <span class='ocrx_word' id='word_1_12' title='bbox 1298 1280 1354 1327; x_wconf 76' lang='lat' dir='ltr'><strong>nc.</strong></span> <span class='ocrx_word' id='word_1_13' title='bbox 1369 1280 1385 1326; x_wconf 78' lang='lat' dir='ltr'><strong>r</strong></span> 
     </span>
     <span class='ocr_line' id='line_1_3' title="bbox 240 1370 1396 1473; baseline 0 -28"><span class='ocrx_word' id='word_1_14' title='bbox 240 1370 358 1445; x_wconf 84' lang='lat' dir='ltr'><strong>Josua</strong></span> <span class='ocrx_word' id='word_1_15' title='bbox 380 1371 456 1445; x_wconf 89' lang='lat' dir='ltr'><strong>filio</strong></span> <span class='ocrx_word' id='word_1_16' title='bbox 478 1370 568 1447; x_wconf 91' lang='lat' dir='ltr'><strong>Nun</strong></span> <span class='ocrx_word' id='word_1_17' title='bbox 589 1372 639 1447; x_wconf 87' lang='lat' dir='ltr'><strong>ad</strong></span> <span class='ocrx_word' id='word_1_18' title='bbox 665 1373 793 1448; x_wconf 91' lang='lat' dir='ltr'><strong>urbem</strong></span> <span class='ocrx_word' id='word_1_19' title='bbox 812 1373 837 1447; x_wconf 89' lang='lat' dir='ltr'><strong>J</strong></span> <span class='ocrx_word' id='word_1_20' title='bbox 840 1374 960 1449; x_wconf 88' lang='lat' dir='ltr'><strong>ericho</strong></span> <span class='ocrx_word' id='word_1_21' title='bbox 986 1372 1284 1473; x_wconf 80' lang='lat' dir='ltr'><strong>speculatoribus,</strong></span> <span class='ocrx_word' id='word_1_22' title='bbox 1300 1398 1396 1447; x_wconf 50' lang='lat' dir='ltr'><strong>nessi</strong></span> 
     </span>
     <span class='ocr_line' id='line_1_4' title="bbox 241 1487 1285 1590; baseline -0.003 -27"><span class='ocrx_word' id='word_1_23' title='bbox 241 1487 389 1563; x_wconf 79' lang='lat' dir='ltr'><strong>rescivit</strong></span> <span class='ocrx_word' id='word_1_24' title='bbox 405 1498 524 1564; x_wconf 85' lang='lat' dir='ltr'><strong>terrae</strong></span> <span class='ocrx_word' id='word_1_25' title='bbox 548 1515 624 1577; x_wconf 74' lang='lat' dir='ltr'><strong>ren,</strong></span> <span class='ocrx_word' id='word_1_26' title='bbox 641 1490 741 1589; x_wconf 91' lang='lat' dir='ltr'><strong>quod</strong></span> <span class='ocrx_word' id='word_1_27' title='bbox 763 1490 950 1590; x_wconf 81' lang='lat' dir='ltr'>regionem</span> <span class='ocrx_word' id='word_1_28' title='bbox 972 1517 1098 1564; x_wconf 90' lang='lat' dir='ltr'><strong>eorum</strong></span> <span class='ocrx_word' id='word_1_29' title='bbox 1121 1488 1285 1587; x_wconf 88' lang='lat' dir='ltr'><strong>explora-</strong></span> 
     </span>
     <span class='ocr_line' id='line_1_5' title="bbox 241 1603 1286 1706; baseline -0.004 -27"><span class='ocrx_word' id='word_1_30' title='bbox 241 1604 318 1679; x_wconf 88' lang='lat' dir='ltr'><strong>turi</strong></span> <span class='ocrx_word' id='word_1_31' title='bbox 342 1605 540 1693; x_wconf 86' lang='lat' dir='ltr'><strong>venissent,</strong></span> <span class='ocrx_word' id='word_1_32' title='bbox 565 1616 606 1681; x_wconf 93' lang='lat' dir='ltr'><strong>et</strong></span> <span class='ocrx_word' id='word_1_33' title='bbox 629 1607 727 1681; x_wconf 90' lang='lat' dir='ltr'><strong>viros</strong></span> <span class='ocrx_word' id='word_1_34' title='bbox 754 1606 888 1694; x_wconf 89' lang='lat' dir='ltr'><strong>emisit,</strong></span> <span class='ocrx_word' id='word_1_35' title='bbox 913 1606 977 1706; x_wconf 93' lang='lat' dir='ltr'><strong>qui</strong></span> <span class='ocrx_word' id='word_1_36' title='bbox 1007 1633 1077 1693; x_wconf 88' lang='lat' dir='ltr'><strong>eos,</strong></span> <span class='ocrx_word' id='word_1_37' title='bbox 1102 1616 1148 1679; x_wconf 93' lang='lat' dir='ltr'><strong>ut</strong></span> <span class='ocrx_word' id='word_1_38' title='bbox 1177 1603 1286 1677; x_wconf 87' lang='lat' dir='ltr'><strong>morti</strong></span> 
     </span>
     <span class='ocr_line' id='line_1_6' title="bbox 241 1722 1287 1824; baseline -0.003 -27"><span class='ocrx_word' id='word_1_39' title='bbox 241 1722 484 1811; x_wconf 79' lang='lat' dir='ltr'><strong>traderentur,</strong></span> <span class='ocrx_word' id='word_1_40' title='bbox 510 1725 834 1824; x_wconf 74' lang='lat' dir='ltr'>apprehenderent.</span> <span class='ocrx_word' id='word_1_41' title='bbox 898 1725 1028 1799; x_wconf 77' lang='lat' dir='ltr'><strong>Ralmb</strong></span> <span class='ocrx_word' id='word_1_42' title='bbox 1054 1734 1179 1797; x_wconf 88' lang='lat' dir='ltr'><strong>autem</strong></span> <span class='ocrx_word' id='word_1_43' title='bbox 1207 1723 1287 1795; x_wconf 91' lang='lat' dir='ltr'><strong>hos-</strong></span> 
     </span>
     <span class='ocr_line' id='line_1_7' title="bbox 241 1838 1287 1941; baseline -0.003 -27"><span class='ocrx_word' id='word_1_44' title='bbox 241 1839 366 1939; x_wconf 80' lang='lat' dir='ltr'><strong>pitalis</strong></span> <span class='ocrx_word' id='word_1_45' title='bbox 392 1841 593 1941; x_wconf 88' lang='lat' dir='ltr'><strong>suscipiens</strong></span> <span class='ocrx_word' id='word_1_46' title='bbox 619 1869 690 1931; x_wconf 91' lang='lat' dir='ltr'><strong>eos,</strong></span> <span class='ocrx_word' id='word_1_47' title='bbox 720 1843 760 1917; x_wconf 91' lang='lat' dir='ltr'><strong>in</strong></span> <span class='ocrx_word' id='word_1_48' title='bbox 794 1843 925 1917; x_wconf 83' lang='lat' dir='ltr'><strong>solario</strong></span> <span class='ocrx_word' id='word_1_49' title='bbox 959 1844 1090 1917; x_wconf 88' lang='lat' dir='ltr'><strong>domus</strong></span> <span class='ocrx_word' id='word_1_50' title='bbox 1123 1840 1193 1914; x_wconf 86' lang='lat' dir='ltr'><strong>suh</strong></span> <span class='ocrx_word' id='word_1_51' title='bbox 1222 1838 1287 1911; x_wconf 87' lang='lat' dir='ltr'><strong>hui</strong></span> 
     </span>
     <span class='ocr_line' id='line_1_8' title="bbox 241 1956 1286 2058; baseline 0 -29"><span class='ocrx_word' id='word_1_52' title='bbox 241 1956 381 2056; x_wconf 84' lang='lat' dir='ltr'><strong>stipula</strong></span> <span class='ocrx_word' id='word_1_53' title='bbox 413 1958 611 2033; x_wconf 70' lang='lat' dir='ltr'><strong>occultavit</strong></span> <span class='ocrx_word' id='word_1_54' title='bbox 643 1986 714 2034; x_wconf 89' lang='lat' dir='ltr'><strong>eos.</strong></span> <span class='ocrx_word' id='word_1_55' title='bbox 773 1958 1126 2058; x_wconf 74' lang='lat' dir='ltr'><strong>supervenientibus</strong></span> <span class='ocrx_word' id='word_1_56' title='bbox 1160 1967 1286 2030; x_wconf 88' lang='lat' dir='ltr'><strong>autem</strong></span> 
     </span>
     <span class='ocr_line' id='line_1_9' title="bbox 242 2072 1383 2176; baseline -0.006 -29"><span class='ocrx_word' id='word_1_57' title='bbox 242 2072 331 2148; x_wconf 90' lang='lat' dir='ltr'><strong>viris</strong></span> <span class='ocrx_word' id='word_1_58' title='bbox 354 2101 378 2148; x_wconf 85' lang='lat' dir='ltr'>a</span> <span class='ocrx_word' id='word_1_59' title='bbox 401 2100 488 2176; x_wconf 84' lang='lat' dir='ltr'><strong>rege</strong></span> <span class='ocrx_word' id='word_1_60' title='bbox 513 2076 634 2151; x_wconf 86' lang='lat' dir='ltr'><strong>missis</strong></span> <span class='ocrx_word' id='word_1_61' title='bbox 658 2104 701 2152; x_wconf 88' lang='lat' dir='ltr'><strong>ac</strong></span> <span class='ocrx_word' id='word_1_62' title='bbox 725 2076 954 2153; x_wconf 78' lang='lat' dir='ltr'><strong>dicentibus:</strong></span> <span class='ocrx_word' id='word_1_63' title='bbox 990 2076 1075 2149; x_wconf 77' lang='lat' dir='ltr'><strong>Viri</strong></span> <span class='ocrx_word' id='word_1_64' title='bbox 1098 2074 1150 2149; x_wconf 79' lang='lat' dir='ltr'><strong>od</strong></span> <span class='ocrx_word' id='word_1_65' title='bbox 1173 2088 1207 2149; x_wconf 77' lang='lat' dir='ltr'><strong>le</strong></span> <span class='ocrx_word' id='word_1_66' title='bbox 1230 2073 1286 2147; x_wconf 80' lang='lat' dir='ltr'><strong>in·</strong></span> <span class='ocrx_word' id='word_1_67' title='bbox 1299 2093 1352 2142; x_wconf 72' lang='lat' dir='ltr'><strong>ros.</strong></span> <span class='ocrx_word' id='word_1_68' title='bbox 1367 2093 1383 2140; x_wconf 82' lang='lat' dir='ltr'><strong>s</strong></span> 
     </span>
     <span class='ocr_line' id='line_1_10' title="bbox 241 2190 1287 2292; baseline -0.001 -28"><span class='ocrx_word' id='word_1_69' title='bbox 241 2190 360 2289; x_wconf 67' lang='lat' dir='ltr'><strong>pressi</strong></span> <span class='ocrx_word' id='word_1_70' title='bbox 393 2206 487 2280; x_wconf 78' lang='lat' dir='ltr'><strong>eunt,</strong></span> <span class='ocrx_word' id='word_1_71' title='bbox 521 2193 685 2292; x_wconf 66' lang='lat' dir='ltr'><strong>reprobis</strong></span> <span class='ocrx_word' id='word_1_72' title='bbox 718 2208 865 2269; x_wconf 80' lang='lat' dir='ltr'><strong>costroe</strong></span> <span class='ocrx_word' id='word_1_73' title='bbox 900 2194 1159 2292; x_wconf 76' lang='lat' dir='ltr'><strong>explora-tores,</strong></span> <span class='ocrx_word' id='word_1_74' title='bbox 1195 2190 1287 2264; x_wconf 82' lang='lat' dir='ltr'><strong>edne</strong></span> 
     </span>
     <span class='ocr_line' id='line_1_11' title="bbox 243 2308 1287 2411; baseline 0.001 -30"><span class='ocrx_word' id='word_1_75' title='bbox 243 2334 311 2397; x_wconf 78' lang='lat' dir='ltr'><strong>eos,</strong></span> <span class='ocrx_word' id='word_1_76' title='bbox 326 2308 383 2384; x_wconf 75' lang='lat' dir='ltr'><strong>cio</strong></span> <span class='ocrx_word' id='word_1_77' title='bbox 407 2308 508 2384; x_wconf 82' lang='lat' dir='ltr'><strong>enim</strong></span> <span class='ocrx_word' id='word_1_78' title='bbox 532 2310 695 2411; x_wconf 69' lang='lat' dir='ltr'><strong>irrepserat</strong></span> <span class='ocrx_word' id='word_1_79' title='bbox 718 2312 822 2397; x_wconf 56' lang='lat' dir='ltr'><strong>Rom</strong></span> <span class='ocrx_word' id='word_1_80' title='bbox 849 2310 913 2385; x_wconf 88' lang='lat' dir='ltr'><strong>illa</strong></span> <span class='ocrx_word' id='word_1_81' title='bbox 936 2322 1062 2385; x_wconf 86' lang='lat' dir='ltr'><strong>autem</strong></span> <span class='ocrx_word' id='word_1_82' title='bbox 1088 2308 1287 2408; x_wconf 79' lang='lat' dir='ltr'><strong>respondit,</strong></span> 
     </span>
     <span class='ocr_line' id='line_1_12' title="bbox 243 2422 1288 2527; baseline -0.002 -28"><span class='ocrx_word' id='word_1_83' title='bbox 243 2422 403 2525; x_wconf 70' lang='lat' dir='ltr'><strong>inpressi</strong></span> <span class='ocrx_word' id='word_1_84' title='bbox 426 2440 510 2502; x_wconf 79' lang='lat' dir='ltr'><strong>eunt</strong></span> <span class='ocrx_word' id='word_1_85' title='bbox 535 2426 610 2502; x_wconf 81' lang='lat' dir='ltr'><strong>duo</strong></span> <span class='ocrx_word' id='word_1_86' title='bbox 630 2428 709 2503; x_wconf 75' lang='lat' dir='ltr'><strong>ciri</strong></span> <span class='ocrx_word' id='word_1_87' title='bbox 733 2428 787 2503; x_wconf 79' lang='lat' dir='ltr'><strong>ccl</strong></span> <span class='ocrx_word' id='word_1_88' title='bbox 807 2456 865 2503; x_wconf 81' lang='lat' dir='ltr'><strong>me</strong></span> <span class='ocrx_word' id='word_1_89' title='bbox 883 2454 972 2527; x_wconf 79' lang='lat' dir='ltr'><strong>quos</strong></span> <span class='ocrx_word' id='word_1_90' title='bbox 990 2426 1197 2526; x_wconf 80' lang='lat' dir='ltr'><strong>quoerr&#39;tis;</strong></span> <span class='ocrx_word' id='word_1_91' title='bbox 1222 2423 1288 2499; x_wconf 80' lang='lat' dir='ltr'><strong>sed</strong></span> 
     </span>
     <span class='ocr_line' id='line_1_13' title="bbox 243 2542 1288 2643; baseline -0.002 -26"><span class='ocrx_word' id='word_1_92' title='bbox 243 2544 435 2643; x_wconf 77' lang='lat' dir='ltr'><strong>confestim</strong></span> <span class='ocrx_word' id='word_1_93' title='bbox 464 2544 636 2619; x_wconf 68' lang='lat' dir='ltr'><strong>abierant</strong></span> <span class='ocrx_word' id='word_1_94' title='bbox 662 2559 694 2619; x_wconf 80' lang='lat' dir='ltr'><strong>et</strong></span> <span class='ocrx_word' id='word_1_95' title='bbox 719 2545 887 2630; x_wconf 52' lang='lat' dir='ltr'><strong>vaduam</strong></span> <span class='ocrx_word' id='word_1_96' title='bbox 913 2572 987 2618; x_wconf 93' lang='lat' dir='ltr'><strong>non</strong></span> <span class='ocrx_word' id='word_1_97' title='bbox 1014 2545 1209 2619; x_wconf 86' lang='lat' dir='ltr'><strong>ostendens</strong></span> <span class='ocrx_word' id='word_1_98' title='bbox 1235 2542 1288 2615; x_wconf 86' lang='lat' dir='ltr'><strong>eis</strong></span> 
     </span>
     <span class='ocr_line' id='line_1_14' title="bbox 243 2658 1287 2759; baseline -0.004 -24"><span class='ocrx_word' id='word_1_99' title='bbox 243 2658 331 2736; x_wconf 81' lang='lat' dir='ltr'><strong>illos</strong></span> <span class='ocrx_word' id='word_1_100' title='bbox 365 2660 420 2736; x_wconf 84' lang='lat' dir='ltr'><strong>Et</strong></span> <span class='ocrx_word' id='word_1_101' title='bbox 434 2662 533 2737; x_wconf 86' lang='lat' dir='ltr'><strong>dixit</strong></span> <span class='ocrx_word' id='word_1_102' title='bbox 549 2662 597 2737; x_wconf 85' lang='lat' dir='ltr'><strong>ad</strong></span> <span class='ocrx_word' id='word_1_103' title='bbox 613 2662 720 2750; x_wconf 87' lang='lat' dir='ltr'><strong>viros,</strong></span> <span class='ocrx_word' id='word_1_104' title='bbox 736 2662 869 2737; x_wconf 80' lang='lat' dir='ltr'><strong>Sciens</strong></span> <span class='ocrx_word' id='word_1_105' title='bbox 885 2661 971 2750; x_wconf 82' lang='lat' dir='ltr'><strong>scic,</strong></span> <span class='ocrx_word' id='word_1_106' title='bbox 989 2660 1087 2759; x_wconf 81' lang='lat' dir='ltr'><strong>qnod</strong></span> <span class='ocrx_word' id='word_1_107' title='bbox 1099 2659 1287 2735; x_wconf 76' lang='lat' dir='ltr'><strong>Dornr&#39;rnes</strong></span> 
     </span>
     <span class='ocr_line' id='line_1_15' title="bbox 242 2776 1286 2867; baseline -0.002 -15"><span class='ocrx_word' id='word_1_108' title='bbox 242 2776 346 2853; x_wconf 79' lang='lat' dir='ltr'><strong>Deus</strong></span> <span class='ocrx_word' id='word_1_109' title='bbox 369 2792 484 2853; x_wconf 77' lang='lat' dir='ltr'><strong>certer</strong></span> <span class='ocrx_word' id='word_1_110' title='bbox 508 2780 637 2854; x_wconf 81' lang='lat' dir='ltr'><strong>orbem</strong></span> <span class='ocrx_word' id='word_1_111' title='bbox 661 2780 758 2855; x_wconf 81' lang='lat' dir='ltr'><strong>hone</strong></span> <span class='ocrx_word' id='word_1_112' title='bbox 782 2780 884 2855; x_wconf 81' lang='lat' dir='ltr'><strong>vobis</strong></span> <span class='ocrx_word' id='word_1_113' title='bbox 910 2778 1039 2867; x_wconf 74' lang='lat' dir='ltr'><strong>tradit,</strong></span> <span class='ocrx_word' id='word_1_114' title='bbox 1057 2779 1170 2852; x_wconf 80' lang='lat' dir='ltr'><strong>timor·</strong></span> <span class='ocrx_word' id='word_1_115' title='bbox 1187 2777 1286 2851; x_wconf 80' lang='lat' dir='ltr'><strong>onim</strong></span> 
     </span>
     <span class='ocr_line' id='line_1_16' title="bbox 243 2895 1286 2996; baseline -0.003 -27"><span class='ocrx_word' id='word_1_116' title='bbox 243 2908 275 2969; x_wconf 82' lang='lat' dir='ltr'><strong>et</strong></span> <span class='ocrx_word' id='word_1_117' title='bbox 285 2922 412 2995; x_wconf 78' lang='lat' dir='ltr'><strong>pavor·</strong></span> <span class='ocrx_word' id='word_1_118' title='bbox 424 2896 536 2971; x_wconf 77' lang='lat' dir='ltr'><strong>vestri</strong></span> <span class='ocrx_word' id='word_1_119' title='bbox 552 2895 701 2971; x_wconf 60' lang='lat' dir='ltr'><strong>ineest</strong></span> <span class='ocrx_word' id='word_1_120' title='bbox 719 2897 861 2973; x_wconf 71' lang='lat' dir='ltr'><strong>incohes</strong></span> <span class='ocrx_word' id='word_1_121' title='bbox 879 2898 955 2996; x_wconf 78' lang='lat' dir='ltr'><strong>ejus</strong></span> <span class='ocrx_word' id='word_1_122' title='bbox 965 2928 976 2982; x_wconf 91' lang='lat'><em>;</em></span> <span class='ocrx_word' id='word_1_123' title='bbox 994 2895 1286 2995; x_wconf 75' lang='lat' dir='ltr'><strong>quandocunque</strong></span> 
     </span>
    </p>
   </div>
   <div class='ocr_carea' id='block_1_3' title="bbox 239 3149 1288 5353">
    <p class='ocr_par' dir='ltr' id='par_1_3' title="bbox 239 3149 1288 5104">
     <span class='ocr_line' id='line_1_17' title="bbox 241 3149 1286 3229; baseline -0.002 -18"><span class='ocrx_word' id='word_1_124' title='bbox 241 3149 329 3211; x_wconf 80' lang='lat' dir='ltr'><strong>semel</strong></span> <span class='ocrx_word' id='word_1_125' title='bbox 341 3149 497 3210; x_wconf 83' lang='lat' dir='ltr'><strong>immutato</strong></span> <span class='ocrx_word' id='word_1_126' title='bbox 509 3150 682 3211; x_wconf 61' lang='lat' dir='ltr'><strong>mantionis</strong></span> <span class='ocrx_word' id='word_1_127' title='bbox 696 3172 741 3211; x_wconf 92' lang='lat' dir='ltr'><strong>or·</strong></span> <span class='ocrx_word' id='word_1_128' title='bbox 782 3152 915 3211; x_wconf 88' lang='lat' dir='ltr'><strong>versiculi</strong></span> <span class='ocrx_word' id='word_1_129' title='bbox 938 3172 956 3227; x_wconf 93' lang='lat'>9</span> <span class='ocrx_word' id='word_1_130' title='bbox 977 3153 1054 3229; x_wconf 92' lang='lat' dir='ltr'><strong>quod</strong></span> <span class='ocrx_word' id='word_1_131' title='bbox 1074 3173 1092 3210; x_wconf 84' lang='lat' dir='ltr'><strong>a</strong></span> <span class='ocrx_word' id='word_1_132' title='bbox 1108 3152 1207 3211; x_wconf 87' lang='lat' dir='ltr'><strong>multis</strong></span> <span class='ocrx_word' id='word_1_133' title='bbox 1227 3152 1286 3210; x_wconf 91' lang='lat' dir='ltr'><strong>edi-</strong></span> 
     </span>
     <span class='ocr_line' id='line_1_18' title="bbox 242 3230 1286 3311; baseline -0.001 -20"><span class='ocrx_word' id='word_1_134' title='bbox 242 3232 317 3291; x_wconf 86' lang='lat' dir='ltr'><strong>dino.</strong></span> <span class='ocrx_word' id='word_1_135' title='bbox 336 3230 463 3291; x_wconf 77' lang='lat' dir='ltr'><strong>wol&#39;r.</strong></span> <span class='ocrx_word' id='word_1_136' title='bbox 783 3234 910 3294; x_wconf 83' lang='lat' dir='ltr'><strong>tionibus</strong></span> <span class='ocrx_word' id='word_1_137' title='bbox 931 3235 1020 3305; x_wconf 86' lang='lat' dir='ltr'><strong>abest,</strong></span> <span class='ocrx_word' id='word_1_138' title='bbox 1038 3234 1069 3291; x_wconf 90' lang='lat' dir='ltr'><strong>in</strong></span> <span class='ocrx_word' id='word_1_139' title='bbox 1088 3233 1286 3311; x_wconf 89' lang='lat' dir='ltr'><strong>Complutensi</strong></span> 
     </span>
     <span class='ocr_line' id='line_1_19' title="bbox 285 3310 1285 3395; baseline -0.003 -22"><span class='ocrx_word' id='word_1_140' title='bbox 285 3332 333 3373; x_wconf 85' lang='lat'><strong>10.</strong></span> <span class='ocrx_word' id='word_1_141' title='bbox 360 3315 427 3385; x_wconf 66' lang='grc' dir='ltr'><strong>ἡδὲ</strong></span> <span class='ocrx_word' id='word_1_142' title='bbox 453 3310 586 3395; x_wconf 64' lang='lat' dir='ltr'><strong>deceptos]</strong></span> <span class='ocrx_word' id='word_1_143' title='bbox 614 3315 658 3385; x_wconf 70' lang='lat' dir='ltr'><strong>sn</strong></span> <span class='ocrx_word' id='word_1_144' title='bbox 682 3316 742 3373; x_wconf 77' lang='lat' dir='ltr'><strong>dm-</strong></span> <span class='ocrx_word' id='word_1_145' title='bbox 782 3335 852 3374; x_wconf 91' lang='lat' dir='ltr'><strong>verc</strong></span> <span class='ocrx_word' id='word_1_146' title='bbox 877 3316 919 3375; x_wconf 82' lang='lat' dir='ltr'><strong>ita</strong></span> <span class='ocrx_word' id='word_1_147' title='bbox 939 3316 1063 3389; x_wconf 83' lang='lat' dir='ltr'><strong>effertur,</strong></span> <span class='ocrx_word' id='word_1_148' title='bbox 1085 3320 1125 3372; x_wconf 77' lang='grc' dir='ltr'><strong>καὶ</strong></span> <span class='ocrx_word' id='word_1_149' title='bbox 1147 3318 1285 3386; x_wconf 67' lang='lat' dir='ltr'><strong>«arime-</strong></span> 
     </span>
     <span class='ocr_line' id='line_1_20' title="bbox 242 3394 1288 3473; baseline -0.003 -18"><span class='ocrx_word' id='word_1_150' title='bbox 242 3397 322 3469; x_wconf 66' lang='grc' dir='ltr'><strong>κρίθη,</strong></span> <span class='ocrx_word' id='word_1_151' title='bbox 340 3394 410 3455; x_wconf 70' lang='lat' dir='ltr'><strong>Mon</strong></span> <span class='ocrx_word' id='word_1_152' title='bbox 428 3396 584 3473; x_wconf 68' lang='lat' dir='ltr'><strong>rospondit,</strong></span> <span class='ocrx_word' id='word_1_153' title='bbox 600 3395 743 3469; x_wconf 69' lang='lat' dir='ltr'><strong>Davisius,</strong></span> <span class='ocrx_word' id='word_1_154' title='bbox 784 3422 834 3455; x_wconf 83' lang='grc' dir='ltr'><strong>σον</strong></span> <span class='ocrx_word' id='word_1_155' title='bbox 846 3402 938 3456; x_wconf 78' lang='grc' dir='ltr'><strong><em>πάντες</em></strong></span> <span class='ocrx_word' id='word_1_156' title='bbox 958 3402 982 3454; x_wconf 83' lang='lat' dir='ltr'><strong>ci</strong></span> <span class='ocrx_word' id='word_1_157' title='bbox 1001 3404 1170 3456; x_wconf 73' lang='grc' dir='ltr'><strong>κατοικοῦντες</strong></span> <span class='ocrx_word' id='word_1_158' title='bbox 1183 3400 1228 3468; x_wconf 77' lang='grc' dir='ltr'><strong>τὴν</strong></span> <span class='ocrx_word' id='word_1_159' title='bbox 1240 3402 1288 3471; x_wconf 76' lang='grc' dir='ltr'><strong>γῆν</strong></span> 
     </span>
     <span class='ocr_line' id='line_1_21' title="bbox 242 3476 1288 3556; baseline 0.001 -21"><span class='ocrx_word' id='word_1_160' title='bbox 242 3496 329 3555; x_wconf 87' lang='lat' dir='ltr'><strong>quem</strong></span> <span class='ocrx_word' id='word_1_161' title='bbox 341 3476 370 3535; x_wconf 92' lang='lat' dir='ltr'><strong>in</strong></span> <span class='ocrx_word' id='word_1_162' title='bbox 387 3477 465 3536; x_wconf 88' lang='lat' dir='ltr'><strong>notis</strong></span> <span class='ocrx_word' id='word_1_163' title='bbox 483 3478 615 3556; x_wconf 87' lang='lat' dir='ltr'><strong>sequitur</strong></span> <span class='ocrx_word' id='word_1_164' title='bbox 628 3478 745 3537; x_wconf 81' lang='lat' dir='ltr'><strong>Gallen·</strong></span> <span class='ocrx_word' id='word_1_165' title='bbox 783 3480 830 3553; x_wconf 78' lang='grc' dir='ltr'><strong>ἀφ’</strong></span> <span class='ocrx_word' id='word_1_166' title='bbox 841 3482 916 3550; x_wconf 81' lang='grc' dir='ltr'>ὑμῶν.</span> <span class='ocrx_word' id='word_1_167' title='bbox 940 3486 971 3537; x_wconf 90' lang='lat' dir='ltr'><strong>at</strong></span> <span class='ocrx_word' id='word_1_168' title='bbox 985 3479 1090 3537; x_wconf 82' lang='lat' dir='ltr'><strong>Codice</strong></span> <span class='ocrx_word' id='word_1_169' title='bbox 1106 3493 1164 3553; x_wconf 81' lang='lat'><strong>720</strong></span> <span class='ocrx_word' id='word_1_170' title='bbox 1180 3479 1288 3536; x_wconf 88' lang='lat' dir='ltr'><strong>Biblio-</strong></span> 
     </span>
     <span class='ocr_line' id='line_1_22' title="bbox 241 3558 1285 3638; baseline 0 -23"><span class='ocrx_word' id='word_1_171' title='bbox 241 3558 315 3631; x_wconf 90' lang='lat' dir='ltr'><strong>dins,</strong></span> <span class='ocrx_word' id='word_1_172' title='bbox 328 3558 360 3617; x_wconf 92' lang='lat' dir='ltr'><strong>in</strong></span> <span class='ocrx_word' id='word_1_173' title='bbox 377 3566 516 3619; x_wconf 85' lang='lat' dir='ltr'><strong>contextu</strong></span> <span class='ocrx_word' id='word_1_174' title='bbox 536 3558 744 3618; x_wconf 81' lang='lat' dir='ltr'><strong>Schoeueman-</strong></span> <span class='ocrx_word' id='word_1_175' title='bbox 783 3561 883 3619; x_wconf 86' lang='lat' dir='ltr'><strong>thecae</strong></span> <span class='ocrx_word' id='word_1_176' title='bbox 897 3561 1004 3638; x_wconf 82' lang='lat' dir='ltr'><strong>Regiae</strong></span> <span class='ocrx_word' id='word_1_177' title='bbox 1018 3560 1071 3618; x_wconf 90' lang='lat' dir='ltr'><strong>hoc</strong></span> <span class='ocrx_word' id='word_1_178' title='bbox 1085 3562 1179 3631; x_wconf 89' lang='lat' dir='ltr'><strong>modo,</strong></span> <span class='ocrx_word' id='word_1_179' title='bbox 1194 3564 1233 3616; x_wconf 80' lang='grc' dir='ltr'><strong>καὶ</strong></span> <span class='ocrx_word' id='word_1_180' title='bbox 1247 3584 1285 3615; x_wconf 72' lang='grc' dir='ltr'><strong>τε-</strong></span> 
     </span>
     <span class='ocr_line' id='line_1_23' title="bbox 243 3638 1287 3712; baseline -0.001 -14"><span class='ocrx_word' id='word_1_181' title='bbox 243 3658 297 3699; x_wconf 69' lang='lat' dir='ltr'><strong>nu!</strong></span> <span class='ocrx_word' id='word_1_182' title='bbox 308 3646 340 3699; x_wconf 75' lang='lat' dir='ltr'><strong>et</strong></span> <span class='ocrx_word' id='word_1_183' title='bbox 352 3638 491 3700; x_wconf 62' lang='lat' dir='ltr'><strong>Hostilius.</strong></span> <span class='ocrx_word' id='word_1_184' title='bbox 783 3642 875 3712; x_wconf 77' lang='grc' dir='ltr'>τὴκασι</span> <span class='ocrx_word' id='word_1_185' title='bbox 895 3646 987 3701; x_wconf 74' lang='grc' dir='ltr'><strong><em>πάντες</em></strong></span> <span class='ocrx_word' id='word_1_186' title='bbox 1010 3647 1034 3698; x_wconf 84' lang='lat' dir='ltr'><strong>cl</strong></span> <span class='ocrx_word' id='word_1_187' title='bbox 1055 3648 1227 3700; x_wconf 69' lang='grc' dir='ltr'>κατοικοῦντες</span> <span class='ocrx_word' id='word_1_188' title='bbox 1242 3644 1287 3712; x_wconf 74' lang='grc' dir='ltr'><strong>τὴν</strong></span> 
     </span>
     <span class='ocr_line' id='line_1_24' title="bbox 285 3718 1285 3817; baseline -0.001 -38"><span class='ocrx_word' id='word_1_189' title='bbox 285 3740 330 3780; x_wconf 78' lang='lat'><strong>12.</strong></span> <span class='ocrx_word' id='word_1_190' title='bbox 345 3718 407 3817; x_wconf 71' lang='grc' dir='ltr'><strong>οὐχ]</strong></span> <span class='ocrx_word' id='word_1_191' title='bbox 429 3724 628 3781; x_wconf 54' lang='lat' dir='ltr'><strong>horrorem</strong></span> <span class='ocrx_word' id='word_1_192' title='bbox 639 3747 661 3781; x_wconf 85' lang='grc' dir='ltr'><strong>κ.</strong></span> <span class='ocrx_word' id='word_1_193' title='bbox 672 3747 694 3779; x_wconf 87' lang='lat' dir='ltr'><strong>r.</strong></span> <span class='ocrx_word' id='word_1_194' title='bbox 702 3718 743 3803; x_wconf 66' lang='lat' dir='ltr'><strong>lt]</strong></span> <span class='ocrx_word' id='word_1_195' title='bbox 783 3728 831 3797; x_wconf 74' lang='grc' dir='ltr'><strong>γῆν</strong></span> <span class='ocrx_word' id='word_1_196' title='bbox 840 3726 891 3781; x_wconf 75' lang='grc' dir='ltr'><strong>ἀπὸ</strong></span> <span class='ocrx_word' id='word_1_197' title='bbox 904 3728 1046 3797; x_wconf 78' lang='grc' dir='ltr'>προσώπου</span> <span class='ocrx_word' id='word_1_198' title='bbox 1056 3726 1130 3793; x_wconf 81' lang='grc' dir='ltr'>ὑμῶν.</span> <span class='ocrx_word' id='word_1_199' title='bbox 1147 3722 1285 3781; x_wconf 80' lang='lat' dir='ltr'><strong>COTEL.</strong></span> 
     </span>
     <span class='ocr_line' id='line_1_25' title="bbox 242 3802 1286 3882; baseline 0 -21"><span class='ocrx_word' id='word_1_200' title='bbox 242 3802 434 3877; x_wconf 76' lang='lat' dir='ltr'><strong>Quumvarris</strong></span> <span class='ocrx_word' id='word_1_201' title='bbox 444 3804 538 3863; x_wconf 90' lang='lat' dir='ltr'><strong>modis</strong></span> <span class='ocrx_word' id='word_1_202' title='bbox 547 3824 620 3882; x_wconf 86' lang='lat' dir='ltr'><strong>quae</strong></span> <span class='ocrx_word' id='word_1_203' title='bbox 633 3804 743 3863; x_wconf 88' lang='lat' dir='ltr'><strong>deside·</strong></span> <span class='ocrx_word' id='word_1_204' title='bbox 784 3804 938 3863; x_wconf 80' lang='lat' dir='ltr'><strong>Habentur</strong></span> <span class='ocrx_word' id='word_1_205' title='bbox 971 3805 1040 3863; x_wconf 88' lang='lat' dir='ltr'><strong>haee</strong></span> <span class='ocrx_word' id='word_1_206' title='bbox 1068 3805 1130 3881; x_wconf 85' lang='lat' dir='ltr'><strong>ipso</strong></span> <span class='ocrx_word' id='word_1_207' title='bbox 1156 3805 1242 3861; x_wconf 83' lang='lat' dir='ltr'><strong>verba</strong></span> <span class='ocrx_word' id='word_1_208' title='bbox 1269 3824 1286 3861; x_wconf 82' lang='lat' dir='ltr'><strong>a</strong></span> 
     </span>
     <span class='ocr_line' id='line_1_26' title="bbox 242 3884 1286 3963; baseline 0 -20"><span class='ocrx_word' id='word_1_209' title='bbox 242 3892 343 3945; x_wconf 78' lang='lat' dir='ltr'><strong>rentur</strong></span> <span class='ocrx_word' id='word_1_210' title='bbox 363 3884 490 3963; x_wconf 86' lang='lat' dir='ltr'><strong>suppleri</strong></span> <span class='ocrx_word' id='word_1_211' title='bbox 505 3894 619 3962; x_wconf 87' lang='lat' dir='ltr'><strong>queant,</strong></span> <span class='ocrx_word' id='word_1_212' title='bbox 639 3885 744 3945; x_wconf 87' lang='lat' dir='ltr'><strong>Junius</strong></span> <span class='ocrx_word' id='word_1_213' title='bbox 783 3885 988 3944; x_wconf 84' lang='lat' dir='ltr'><strong>Theodotione.</strong></span> <span class='ocrx_word' id='word_1_214' title='bbox 1031 3886 1139 3962; x_wconf 84' lang='lat' dir='ltr'><strong>Aquila</strong></span> <span class='ocrx_word' id='word_1_215' title='bbox 1161 3906 1229 3943; x_wconf 85' lang='lat' dir='ltr'><strong>vero</strong></span> <span class='ocrx_word' id='word_1_216' title='bbox 1256 3892 1286 3943; x_wconf 88' lang='lat' dir='ltr'><strong>et</strong></span> 
     </span>
     <span class='ocr_line' id='line_1_27' title="bbox 241 3964 1285 4047; baseline -0.002 -22"><span class='ocrx_word' id='word_1_217' title='bbox 241 3966 385 4025; x_wconf 84' lang='lat' dir='ltr'><strong>edendum</strong></span> <span class='ocrx_word' id='word_1_218' title='bbox 404 3966 516 4026; x_wconf 73' lang='lat' dir='ltr'><strong>curavit</strong></span> <span class='ocrx_word' id='word_1_219' title='bbox 536 3964 621 4047; x_wconf 74' lang='grc' dir='ltr'>[ὁδὸν]</span> <span class='ocrx_word' id='word_1_220' title='bbox 643 3970 744 4025; x_wconf 63' lang='lat' dir='ltr'><strong>nona-</strong></span> <span class='ocrx_word' id='word_1_221' title='bbox 784 3967 973 4044; x_wconf 79' lang='lat' dir='ltr'><strong>Symmachus</strong></span> <span class='ocrx_word' id='word_1_222' title='bbox 996 3967 1092 4044; x_wconf 85' lang='lat' dir='ltr'><strong>peullo</strong></span> <span class='ocrx_word' id='word_1_223' title='bbox 1119 3967 1203 4025; x_wconf 83' lang='lat' dir='ltr'><strong>aliter</strong></span> <span class='ocrx_word' id='word_1_224' title='bbox 1224 3986 1285 4024; x_wconf 85' lang='lat' dir='ltr'><strong>vcr-</strong></span> 
     </span>
     <span class='ocr_line' id='line_1_28' title="bbox 242 4045 1286 4130; baseline 0 -25"><span class='ocrx_word' id='word_1_225' title='bbox 242 4048 352 4105; x_wconf 75' lang='grc' dir='ltr'><strong>υύουσα</strong></span> <span class='ocrx_word' id='word_1_226' title='bbox 379 4050 466 4107; x_wconf 66' lang='grc' dir='ltr'><strong>αὐτοῖς</strong></span> <span class='ocrx_word' id='word_1_227' title='bbox 493 4045 629 4130; x_wconf 54' lang='lat' dir='ltr'><strong>tirmior]</strong></span> <span class='ocrx_word' id='word_1_228' title='bbox 664 4050 745 4108; x_wconf 78' lang='lat' dir='ltr'><strong>riom</strong></span> <span class='ocrx_word' id='word_1_229' title='bbox 782 4050 1020 4122; x_wconf 87' lang='lat' dir='ltr'><strong>terunt,verbum</strong></span> <span class='ocrx_word' id='word_1_230' title='bbox 1033 4050 1121 4107; x_wconf 87' lang='lat' dir='ltr'><strong>verbo</strong></span> <span class='ocrx_word' id='word_1_231' title='bbox 1135 4049 1286 4106; x_wconf 79' lang='lat' dir='ltr'><strong>reddentes</strong></span> 
     </span>
     <span class='ocr_line' id='line_1_29' title="bbox 241 4130 1286 4202; baseline -0.003 -15"><span class='ocrx_word' id='word_1_232' title='bbox 241 4130 389 4189; x_wconf 63' lang='lat' dir='ltr'><strong>mum</strong></span> <span class='ocrx_word' id='word_1_233' title='bbox 398 4130 645 4189; x_wconf 59' lang='lat' dir='ltr'><strong>semmam:</strong></span> <span class='ocrx_word' id='word_1_234' title='bbox 659 4150 743 4189; x_wconf 74' lang='lat' dir='ltr'><strong>sensu</strong></span> <span class='ocrx_word' id='word_1_235' title='bbox 783 4132 824 4187; x_wconf 82' lang='grc' dir='ltr'><strong>ὅτι</strong></span> <span class='ocrx_word' id='word_1_236' title='bbox 837 4132 984 4202; x_wconf 71' lang='grc' dir='ltr'>ἐκτετήκασι</span> <span class='ocrx_word' id='word_1_237' title='bbox 1000 4134 1093 4189; x_wconf 74' lang='grc' dir='ltr'><strong><em>πάντες</em></strong></span> <span class='ocrx_word' id='word_1_238' title='bbox 1108 4135 1132 4186; x_wconf 87' lang='lat' dir='ltr'><strong>ol</strong></span> <span class='ocrx_word' id='word_1_239' title='bbox 1146 4135 1286 4185; x_wconf 63' lang='grc' dir='ltr'>κατοικοῦν-</span> 
     </span>
     <span class='ocr_line' id='line_1_30' title="bbox 241 4208 1285 4287; baseline -0.002 -18"><span class='ocrx_word' id='word_1_240' title='bbox 241 4208 326 4287; x_wconf 72' lang='lat' dir='ltr'><strong>plnnc</strong></span> <span class='ocrx_word' id='word_1_241' title='bbox 337 4210 452 4269; x_wconf 79' lang='lat' dir='ltr'><strong>diverso</strong></span> <span class='ocrx_word' id='word_1_242' title='bbox 468 4211 594 4271; x_wconf 73' lang='lat' dir='ltr'><strong>nverbis</strong></span> <span class='ocrx_word' id='word_1_243' title='bbox 612 4211 678 4270; x_wconf 84' lang='lat' dir='ltr'><strong>libri</strong></span> <span class='ocrx_word' id='word_1_244' title='bbox 691 4212 742 4271; x_wconf 88' lang='lat' dir='ltr'><strong>Jo-</strong></span> <span class='ocrx_word' id='word_1_245' title='bbox 782 4236 825 4271; x_wconf 74' lang='lat' dir='ltr'><strong>res</strong></span> <span class='ocrx_word' id='word_1_246' title='bbox 847 4215 893 4282; x_wconf 80' lang='grc' dir='ltr'><strong>τὴν</strong></span> <span class='ocrx_word' id='word_1_247' title='bbox 909 4216 957 4286; x_wconf 75' lang='grc' dir='ltr'><strong>γῆν</strong></span> <span class='ocrx_word' id='word_1_248' title='bbox 976 4214 1027 4268; x_wconf 72' lang='grc' dir='ltr'><strong>ἀπὸ</strong></span> <span class='ocrx_word' id='word_1_249' title='bbox 1048 4217 1189 4285; x_wconf 79' lang='grc' dir='ltr'><strong>προσώπου</strong></span> <span class='ocrx_word' id='word_1_250' title='bbox 1210 4213 1285 4280; x_wconf 78' lang='grc' dir='ltr'><strong><em>ὑμῶν.</em></strong></span> 
     </span>
     <span class='ocr_line' id='line_1_31' title="bbox 241 4290 1287 4371; baseline 0 -22"><span class='ocrx_word' id='word_1_251' title='bbox 241 4290 363 4352; x_wconf 76' lang='lat' dir='ltr'><strong>chureii</strong></span> <span class='ocrx_word' id='word_1_252' title='bbox 377 4308 405 4366; x_wconf 86' lang='lat'><strong>5,</strong></span> <span class='ocrx_word' id='word_1_253' title='bbox 418 4292 469 4351; x_wconf 93' lang='lat' dir='ltr'><strong>ubi</strong></span> <span class='ocrx_word' id='word_1_254' title='bbox 489 4292 591 4353; x_wconf 83' lang='lat' dir='ltr'><strong>Rnhab</strong></span> <span class='ocrx_word' id='word_1_255' title='bbox 611 4300 698 4371; x_wconf 78' lang='lat' dir='ltr'><strong>negat</strong></span> <span class='ocrx_word' id='word_1_256' title='bbox 712 4313 743 4352; x_wconf 89' lang='lat' dir='ltr'><strong>se</strong></span> <span class='ocrx_word' id='word_1_257' title='bbox 783 4292 865 4367; x_wconf 72' lang='lat' dir='ltr'><strong>Quae</strong></span> <span class='ocrx_word' id='word_1_258' title='bbox 906 4293 936 4350; x_wconf 92' lang='lat' dir='ltr'><strong>in</strong></span> <span class='ocrx_word' id='word_1_259' title='bbox 974 4294 1054 4351; x_wconf 89' lang='lat' dir='ltr'><strong>LXX</strong></span> <span class='ocrx_word' id='word_1_260' title='bbox 1089 4293 1287 4351; x_wconf 85' lang='lat' dir='ltr'><strong>desiderantur</strong></span> 
     </span>
     <span class='ocr_line' id='line_1_32' title="bbox 241 4373 1287 4453; baseline -0.003 -20"><span class='ocrx_word' id='word_1_261' title='bbox 241 4373 313 4433; x_wconf 78' lang='lat' dir='ltr'><strong>scire</strong></span> <span class='ocrx_word' id='word_1_262' title='bbox 332 4392 392 4451; x_wconf 91' lang='lat' dir='ltr'><strong>quo</strong></span> <span class='ocrx_word' id='word_1_263' title='bbox 411 4373 542 4435; x_wconf 87' lang='lat' dir='ltr'><strong>homines</strong></span> <span class='ocrx_word' id='word_1_264' title='bbox 555 4374 598 4433; x_wconf 91' lang='lat' dir='ltr'><strong>illi</strong></span> <span class='ocrx_word' id='word_1_265' title='bbox 610 4375 742 4434; x_wconf 82' lang='lat' dir='ltr'><strong>abierint.</strong></span> <span class='ocrx_word' id='word_1_266' title='bbox 783 4374 913 4453; x_wconf 85' lang='lat' dir='ltr'><strong>agnoseit</strong></span> <span class='ocrx_word' id='word_1_267' title='bbox 943 4374 1060 4452; x_wconf 81' lang='lat' dir='ltr'><strong>Vulgst.</strong></span> <span class='ocrx_word' id='word_1_268' title='bbox 1097 4381 1127 4432; x_wconf 91' lang='lat' dir='ltr'><strong>et</strong></span> <span class='ocrx_word' id='word_1_269' title='bbox 1159 4380 1287 4431; x_wconf 78' lang='lat' dir='ltr'><strong>caeterae</strong></span> 
     </span>
     <span class='ocr_line' id='line_1_33' title="bbox 241 4452 1287 4533; baseline -0.003 -18"><span class='ocrx_word' id='word_1_270' title='bbox 241 4452 378 4515; x_wconf 86' lang='lat' dir='ltr'><strong>Ostendit</strong></span> <span class='ocrx_word' id='word_1_271' title='bbox 389 4456 509 4533; x_wconf 84' lang='lat' dir='ltr'><strong>quidem</strong></span> <span class='ocrx_word' id='word_1_272' title='bbox 517 4456 743 4515; x_wconf 74' lang='lat' dir='ltr'><strong>muliercontrc</strong></span> <span class='ocrx_word' id='word_1_273' title='bbox 783 4456 928 4515; x_wconf 85' lang='lat' dir='ltr'><strong>versiones</strong></span> <span class='ocrx_word' id='word_1_274' title='bbox 951 4476 1057 4515; x_wconf 86' lang='lat' dir='ltr'><strong>omnes.</strong></span> <span class='ocrx_word' id='word_1_275' title='bbox 1101 4455 1133 4513; x_wconf 87' lang='lat' dir='ltr'><strong>Si</strong></span> <span class='ocrx_word' id='word_1_276' title='bbox 1155 4454 1287 4513; x_wconf 81' lang='lat' dir='ltr'><strong>Clemens</strong></span> 
     </span>
     <span class='ocr_line' id='line_1_34' title="bbox 240 4536 1285 4616; baseline 0 -21"><span class='ocrx_word' id='word_1_277' title='bbox 240 4536 319 4595; x_wconf 64' lang='lat' dir='ltr'><strong>dom</strong></span> <span class='ocrx_word' id='word_1_278' title='bbox 337 4536 427 4609; x_wconf 82' lang='lat' dir='ltr'><strong>viam,</strong></span> <span class='ocrx_word' id='word_1_279' title='bbox 445 4538 497 4597; x_wconf 84' lang='lat' dir='ltr'><strong>sed</strong></span> <span class='ocrx_word' id='word_1_280' title='bbox 515 4538 744 4616; x_wconf 80' lang='lat' dir='ltr'><strong>exploratoribus</strong></span> <span class='ocrx_word' id='word_1_281' title='bbox 783 4538 834 4596; x_wconf 86' lang='lat' dir='ltr'><strong>illa</strong></span> <span class='ocrx_word' id='word_1_282' title='bbox 857 4538 967 4615; x_wconf 80' lang='lat' dir='ltr'><strong>legerit,</strong></span> <span class='ocrx_word' id='word_1_283' title='bbox 995 4539 1073 4615; x_wconf 92' lang='lat' dir='ltr'><strong>quod</strong></span> <span class='ocrx_word' id='word_1_284' title='bbox 1100 4536 1215 4614; x_wconf 90' lang='lat' dir='ltr'><strong>quidem</strong></span> <span class='ocrx_word' id='word_1_285' title='bbox 1239 4556 1285 4595; x_wconf 90' lang='lat' dir='ltr'><strong>ve-</strong></span> 
     </span>
     <span class='ocr_line' id='line_1_35' title="bbox 240 4616 1286 4695; baseline 0 -20"><span class='ocrx_word' id='word_1_286' title='bbox 240 4616 369 4691; x_wconf 79' lang='lat' dir='ltr'><strong>Jndseis,</strong></span> <span class='ocrx_word' id='word_1_287' title='bbox 388 4638 447 4677; x_wconf 90' lang='lat' dir='ltr'><strong>non</strong></span> <span class='ocrx_word' id='word_1_288' title='bbox 470 4625 568 4677; x_wconf 82' lang='lat' dir='ltr'><strong>sutem</strong></span> <span class='ocrx_word' id='word_1_289' title='bbox 590 4619 684 4678; x_wconf 85' lang='lat' dir='ltr'><strong>missis</strong></span> <span class='ocrx_word' id='word_1_290' title='bbox 707 4621 743 4677; x_wconf 85' lang='lat' dir='ltr'><strong>sb</strong></span> <span class='ocrx_word' id='word_1_291' title='bbox 782 4619 987 4677; x_wconf 86' lang='lat' dir='ltr'><strong>risimillimum</strong></span> <span class='ocrx_word' id='word_1_292' title='bbox 1019 4627 1070 4691; x_wconf 89' lang='lat' dir='ltr'><strong>est,</strong></span> <span class='ocrx_word' id='word_1_293' title='bbox 1099 4618 1286 4695; x_wconf 87' lang='lat' dir='ltr'><strong>proculdubio</strong></span> 
     </span>
     <span class='ocr_line' id='line_1_36' title="bbox 242 4696 1287 4780; baseline 0.001 -23"><span class='ocrx_word' id='word_1_294' title='bbox 242 4696 442 4759; x_wconf 84' lang='lat' dir='ltr'><strong>Hierichuntis</strong></span> <span class='ocrx_word' id='word_1_295' title='bbox 475 4720 550 4779; x_wconf 82' lang='lat' dir='ltr'><strong>rege.</strong></span> <span class='ocrx_word' id='word_1_296' title='bbox 604 4700 741 4760; x_wconf 86' lang='lat' dir='ltr'><strong>COTEL.</strong></span> <span class='ocrx_word' id='word_1_297' title='bbox 784 4700 1024 4780; x_wconf 83' lang='lat' dir='ltr'><strong>Lxx(n0n‹1um</strong></span> <span class='ocrx_word' id='word_1_298' title='bbox 1049 4700 1126 4758; x_wconf 89' lang='lat' dir='ltr'><strong>enim</strong></span> <span class='ocrx_word' id='word_1_299' title='bbox 1153 4700 1209 4757; x_wconf 84' lang='lat' dir='ltr'><strong>slis</strong></span> <span class='ocrx_word' id='word_1_300' title='bbox 1231 4699 1287 4759; x_wconf 89' lang='lat' dir='ltr'><strong>fuit</strong></span> 
     </span>
     <span class='ocr_line' id='line_1_37' title="bbox 240 4777 1286 4860; baseline 0.001 -21"><span class='ocrx_word' id='word_1_301' title='bbox 240 4777 428 4841; x_wconf 68' lang='lat' dir='ltr'><strong>Constantius</strong></span> <span class='ocrx_word' id='word_1_302' title='bbox 449 4782 549 4841; x_wconf 84' lang='lat' dir='ltr'><strong>mallet</strong></span> <span class='ocrx_word' id='word_1_303' title='bbox 569 4784 610 4839; x_wconf 79' lang='grc' dir='ltr'><strong>καί</strong></span> <span class='ocrx_word' id='word_1_304' title='bbox 629 4806 679 4840; x_wconf 80' lang='grc' dir='ltr'><strong>που</strong></span> <span class='ocrx_word' id='word_1_305' title='bbox 696 4808 743 4841; x_wconf 85' lang='grc' dir='ltr'><strong>πο-</strong></span> <span class='ocrx_word' id='word_1_306' title='bbox 782 4780 889 4859; x_wconf 88' lang='lat' dir='ltr'><strong>versio)</strong></span> <span class='ocrx_word' id='word_1_307' title='bbox 908 4782 977 4840; x_wconf 79' lang='lat' dir='ltr'><strong>haec</strong></span> <span class='ocrx_word' id='word_1_308' title='bbox 998 4782 1034 4840; x_wconf 83' lang='lat' dir='ltr'><strong>sb</strong></span> <span class='ocrx_word' id='word_1_309' title='bbox 1055 4781 1139 4840; x_wconf 87' lang='lat' dir='ltr'><strong>initio</strong></span> <span class='ocrx_word' id='word_1_310' title='bbox 1159 4782 1286 4860; x_wconf 77' lang='lat' dir='ltr'><strong>agnovit,</strong></span> 
     </span>
     <span class='ocr_line' id='line_1_38' title="bbox 239 4862 1286 4941; baseline 0.001 -22"><span class='ocrx_word' id='word_1_311' title='bbox 239 4862 355 4935; x_wconf 77' lang='lat' dir='ltr'><strong>pn&#39;cnm</strong></span> <span class='ocrx_word' id='word_1_312' title='bbox 371 4866 418 4919; x_wconf 76' lang='grc' dir='ltr'><strong>οὐκ</strong></span> <span class='ocrx_word' id='word_1_313' title='bbox 437 4862 502 4931; x_wconf 73' lang='grc' dir='ltr'><strong>οἶδα,</strong></span> <span class='ocrx_word' id='word_1_314' title='bbox 523 4870 555 4923; x_wconf 83' lang='lat' dir='ltr'><strong>at</strong></span> <span class='ocrx_word' id='word_1_315' title='bbox 573 4863 659 4941; x_wconf 87' lang='lat' dir='ltr'><strong>hujus</strong></span> <span class='ocrx_word' id='word_1_316' title='bbox 678 4884 744 4941; x_wconf 81' lang='lat' dir='ltr'><strong>sup</strong></span> <span class='ocrx_word' id='word_1_317' title='bbox 783 4863 879 4921; x_wconf 87' lang='lat' dir='ltr'><strong>nescio</strong></span> <span class='ocrx_word' id='word_1_318' title='bbox 893 4864 1037 4940; x_wconf 90' lang='lat' dir='ltr'><strong>quomodo</strong></span> <span class='ocrx_word' id='word_1_319' title='bbox 1054 4863 1135 4940; x_wconf 81' lang='lat' dir='ltr'><strong>lapse</strong></span> <span class='ocrx_word' id='word_1_320' title='bbox 1153 4883 1189 4922; x_wconf 83' lang='lat' dir='ltr'><strong>ex</strong></span> <span class='ocrx_word' id='word_1_321' title='bbox 1209 4863 1286 4922; x_wconf 88' lang='lat' dir='ltr'><strong>codi-</strong></span> 
     </span>
     <span class='ocr_line' id='line_1_39' title="bbox 240 4942 1286 5023; baseline 0.001 -22"><span class='ocrx_word' id='word_1_322' title='bbox 240 4942 377 5019; x_wconf 86' lang='lat' dir='ltr'><strong>plementi</strong></span> <span class='ocrx_word' id='word_1_323' title='bbox 399 4964 491 5023; x_wconf 80' lang='lat' dir='ltr'><strong>capax</strong></span> <span class='ocrx_word' id='word_1_324' title='bbox 516 4964 574 5005; x_wconf 90' lang='lat' dir='ltr'><strong>non</strong></span> <span class='ocrx_word' id='word_1_325' title='bbox 597 4952 642 5005; x_wconf 90' lang='lat' dir='ltr'><strong>est</strong></span> <span class='ocrx_word' id='word_1_326' title='bbox 663 4945 742 5005; x_wconf 84' lang='lat' dir='ltr'><strong>MSti</strong></span> <span class='ocrx_word' id='word_1_327' title='bbox 783 4945 864 5003; x_wconf 86' lang='lat' dir='ltr'><strong>cibus</strong></span> <span class='ocrx_word' id='word_1_328' title='bbox 885 4945 989 5021; x_wconf 88' lang='lat' dir='ltr'><strong>quihus</strong></span> <span class='ocrx_word' id='word_1_329' title='bbox 1003 4944 1143 5022; x_wconf 83' lang='lat' dir='ltr'><strong>Origenes</strong></span> <span class='ocrx_word' id='word_1_330' title='bbox 1161 4954 1204 5005; x_wconf 87' lang='lat' dir='ltr'><strong>cst</strong></span> <span class='ocrx_word' id='word_1_331' title='bbox 1218 4966 1286 5003; x_wconf 89' lang='lat' dir='ltr'><strong>usus</strong></span> 
     </span>
     <span class='ocr_line' id='line_1_40' title="bbox 240 5022 1284 5104; baseline -0.002 -19"><span class='ocrx_word' id='word_1_332' title='bbox 240 5022 351 5085; x_wconf 67' lang='lat' dir='ltr'><strong>laeuus.</strong></span> <span class='ocrx_word' id='word_1_333' title='bbox 368 5024 574 5085; x_wconf 77' lang='lat' dir='ltr'>GALLAND.</span> <span class='ocrx_word' id='word_1_334' title='bbox 783 5027 815 5084; x_wconf 89' lang='lat' dir='ltr'><strong>in</strong></span> <span class='ocrx_word' id='word_1_335' title='bbox 841 5026 1027 5085; x_wconf 85' lang='lat' dir='ltr'><strong>contexendis</strong></span> <span class='ocrx_word' id='word_1_336' title='bbox 1051 5027 1192 5104; x_wconf 85' lang='lat' dir='ltr'><strong>Hexaphs</strong></span> <span class='ocrx_word' id='word_1_337' title='bbox 1219 5027 1284 5085; x_wconf 90' lang='lat' dir='ltr'><strong>suis.</strong></span> 
     </span>
    </p>

    <p class='ocr_par' dir='ltr' id='par_1_4' title="bbox 284 5106 1287 5269">
     <span class='ocr_line' id='line_1_41' title="bbox 284 5106 906 5188; baseline 0.002 -23"><span class='ocrx_word' id='word_1_338' title='bbox 284 5108 329 5166; x_wconf 85' lang='lat'><strong>16.</strong></span> <span class='ocrx_word' id='word_1_339' title='bbox 351 5112 406 5167; x_wconf 69' lang='lat' dir='ltr'><strong>vois</strong></span> <span class='ocrx_word' id='word_1_340' title='bbox 432 5108 627 5185; x_wconf 69' lang='lat' dir='ltr'><strong>x[m]mtw</strong></span> <span class='ocrx_word' id='word_1_341' title='bbox 645 5106 741 5188; x_wconf 63' lang='grc' dir='ltr'><strong>αὐτήν]</strong></span> <span class='ocrx_word' id='word_1_342' title='bbox 785 5107 906 5167; x_wconf 86' lang='lat' dir='ltr'><strong>WOTT.</strong></span> 
     </span>
     <span class='ocr_line' id='line_1_42' title="bbox 383 5188 1287 5269; baseline -0.001 -20"><span class='ocrx_word' id='word_1_343' title='bbox 383 5208 454 5269; x_wconf 81' lang='lat' dir='ltr'><strong>ergo</strong></span> <span class='ocrx_word' id='word_1_344' title='bbox 469 5188 613 5251; x_wconf 86' lang='lat' dir='ltr'><strong>Clementi</strong></span> <span class='ocrx_word' id='word_1_345' title='bbox 633 5210 745 5250; x_wconf 82' lang='lat' dir='ltr'><strong>comme</strong></span> <span class='ocrx_word' id='word_1_346' title='bbox 831 5204 873 5264; x_wconf 83' lang='lat'><strong>17.</strong></span> <span class='ocrx_word' id='word_1_347' title='bbox 890 5194 924 5249; x_wconf 79' lang='grc' dir='ltr'><strong>ὡς</strong></span> <span class='ocrx_word' id='word_1_348' title='bbox 942 5192 997 5265; x_wconf 79' lang='grc' dir='ltr'>ἐὰν]</span> <span class='ocrx_word' id='word_1_349' title='bbox 1017 5192 1062 5251; x_wconf 77' lang='lat' dir='ltr'><strong>‘nr</strong></span> <span class='ocrx_word' id='word_1_350' title='bbox 1083 5193 1134 5264; x_wconf 74' lang='grc' dir='ltr'><strong>ἐάν,</strong></span> <span class='ocrx_word' id='word_1_351' title='bbox 1151 5190 1192 5249; x_wconf 90' lang='lat' dir='ltr'><strong>uti</strong></span> <span class='ocrx_word' id='word_1_352' title='bbox 1204 5196 1233 5247; x_wconf 90' lang='lat' dir='ltr'><strong>et</strong></span> <span class='ocrx_word' id='word_1_353' title='bbox 1254 5192 1287 5248; x_wconf 75' lang='lat' dir='ltr'><strong>hs</strong></span> 
     </span>
    </p>

    <p class='ocr_par' dir='ltr' id='par_1_5' title="bbox 843 5306 900 5353">
     <span class='ocr_line' id='line_1_43' title="bbox 843 5306 900 5353; baseline 0.088 -5"><span class='ocrx_word' id='word_1_354' title='bbox 843 5306 864 5348; x_wconf 83' lang='lat' dir='ltr'><strong>li</strong></span> <span class='ocrx_word' id='word_1_355' title='bbox 883 5306 900 5353; x_wconf 73' lang='lat'>2</span> 
     </span>
    </p>
   </div>
   <div class='ocr_carea' id='block_1_4' title="bbox 0 0 1630 6613">
    <p class='ocr_par' dir='ltr' id='par_1_6' title="bbox 0 0 1630 6613">
     <span class='ocr_line' id='line_1_44' title="bbox 0 0 1630 6613; baseline 0 0"><span class='ocrx_word' id='word_1_356' title='bbox 0 0 1630 6613; x_wconf 95' lang='lat' dir='ltr'><strong> </strong></span> 
     </span>
    </p>
   </div>
  </div>
 </body>
</html>
