3250 6617
607 1107 662 1170 ET
685 1106 1021 1170 FORMULARUM.
1344 1102 1381 1164 81

247 1283 384 1353 Μακάριος.
418 1283 462 1340 Ὦς
479 1286 587 1354 μακάρια
605 1285 645 1337 καί
662 1283 793 1351 θαυμαστά

876 1281 971 1358 Polyc.
988 1281 1059 1339 Phil.
1077 1298 1103 1354 5.

287 1364 319 1417 τά
341 1365 408 1435 δῶρα
432 1368 478 1418 τοῦ
499 1368 574 1420 θεοῦ.
596 1361 685 1421 olem.
706 1363 722 1421 Ι
745 1378 790 1438 35.
835 1368 957 1420 Μάλιστα
967 1369 1116 1435 μεμνημένοι
1126 1366 1276 1435 τόνλόγυν.
1292 1358 1381 1418 Clem.

288 1445 470 1512 εύσρόσδεκταί
489 1469 518 1500 τε
540 1448 580 1500 καί
600 1449 722 1518 μακάριοι
745 1465 790 1517 40.

287 1529 302 1579 6
317 1529 437 1597 μακάριος
454 1530 546 1584 πιστὸς
560 1528 792 1599 θεράπων...Μιυῦ-

288 1610 344 1676 σῆς.
362 1625 407 1679 43.
439 1611 564 1679 Μακάριοι
574 1611 598 1662 αί
607 1609 791 1681 προοδοιπορίη·

288 1710 385 1745 σαντες.
409 1710 454 1759 44.
513 1692 558 1761 τὴν
583 1691 722 1758 ε’πιστολὴν
747 1695 793 1746 τοῦ

287 1771 408 1842 μακαρίου
421 1771 534 1826 Παύλου.
559 1784 604 1844 47.
647 1769 703 1841 ε’νῇ
714 1775 793 1840 μακά-

286 1873 337 1921 ριοι
370 1854 460 1910 πάντες
494 1856 518 1908 οί
551 1853 717 1911 εἰσελθόντες.
744 1856 790 1923 48.

288 1934 412 2004 Μακάριοί
431 1934 597 2003 ε’σμεν...εί
612 1936 644 1988 τά
661 1938 792 2008 προστάγ-

287 2037 352 2082 ματα
391 2018 437 2068 τοῦ
471 2020 537 2070 θεοῦ
577 2016 714 2085 ε’παιαῦμεν.
744 2029 790 2087 50.

286 2094 378 2150 Ἰουδίθ
399 2096 414 2164 ἦ
436 2098 552 2169 μακάρια.
576 2109 622 2169 55,
666 2101 793 2169 Μακάριος

165 2201 168 2210 ’
245 2232 249 2243 ,
287 2179 301 2230 6
315 2177 505 2246 κεκλεισμίνους
518 2179 668 2249 ὀφθαλμούς
683 2179 790 2248 ἀνοίξας.

288 2255 400 2333 Fragm.
412 2257 470 2315 viii.
507 2263 635 2332 Μακάριος
648 2261 710 2332 άνὴρ
724 2264 738 2315 6
751 2284 790 2334 γι·

287 2341 391 2393 νώσκων
404 2342 449 2409 τὴν
465 2345 510 2394 τοῦ
530 2344 631 2414 Πατρός
651 2343 730 2397 δόσιν.
753 2341 791 2398 ib.

287 2424 414 2492 Μακάριος
424 2424 439 2475 6
448 2425 580 2494 γινώσκων
590 2425 631 2478 καί
640 2425 737 2488 λαβών.
753 2422 789 2480 11).

287 2504 414 2571 Μακάριος
432 2504 460 2557 ε’ν
468 2503 553 2572 Ἰησοῦ
569 2508 673 2579 Χριστῷ
688 2504 716 2562 ὃς
732 2527 791 2560 κατ-

286 2583 462 2653 αξιωάίησεται.
480 2583 543 2660 Igu
555 2583 716 2642 Philad.10.
747 2590 793 2640 τοῦ

285 2666 407 2736 μακαρίου
423 2668 462 2721 καὶ
480 2667 585 2735 ε’νδόξου
601 2666 716 2722 Παύλου.
739 2665 792 2724 Ρο-

285 2743 337 2818 lyc.
362 2744 433 2802 Phil.
457 2765 483 2820 3.
538 2750 568 2802 οὐ
590 2752 667 2818 μόνον
689 2750 717 2803 ε’ν
739 2754 796 2823 τοῖςΙ

284 2829 413 2899 μακαρίαις
423 2828 536 2904 Ἰγνατίρ
547 2851 569 2882 κ.
581 2852 603 2884 τ.
616 2833 642 2883 λ.
657 2848 682 2903 9.
708 2831 790 2902 ίυρῶ-

285 2931 332 2976 μεν
350 2911 395 2963 τόν
414 2912 534 2981 μακάριον
550 2909 677 2984 Ἰγνάτιαν.
704 2910 789 2968 Man.

287 2989 390 3062 13117.
420 2993 465 3044 τὸν
479 2994 600 3063 μακάρων
613 2992 790 3065 Παλύκαρπον.

285 3067 370 3126 Mart.
384 3069 477 3146 Polyc.
494 3089 516 3128 1.
560 3077 677 3146 Μακάρια
689 3076 735 3143 μὲν
748 3073 793 3130 οὖν

289 3155 377 3208 ...τά
404 3152 535 3225 μαρτύρια.
560 3173 584 3209 2.
630 3160 737 3211 Τοιαῦτα
760 3158 793 3211 τά

285 3236 347 3288 κατὰ
367 3236 411 3288 τὸν
431 3238 552 3306 μακάριον
571 3245 606 3290 H.
626 3255 669 3310 19.
717 3247 790 3309 Μορ-

285 3316 395 3386 τυρεῖδὶ
408 3319 422 3369 6
436 3318 554 3388 μακάριος
567 3325 599 3372 H.
622 3335 666 3374 21.
710 3320 792 3376 καθὼς

284 3395 455 3466 ἐμαρτύρησεν
486 3400 500 3450 6
534 3401 654 3469 μακάριος
682 3406 716 3452 H.
744 3416 788 3455 22.

285 3479 480 3548 φανερώσαντός
492 3500 536 3546 μοι
549 3483 595 3532 τοῦ
607 3502 634 3547 μ.
650 3489 684 3535 Π.
707 3478 743 3536 ib.

245 3561 419 3629 Μακαρισμός.
444 3558 526 3615 Οὗτος
539 3562 553 3613 6
567 3562 723 3629 μακαρισμὸς
736 3562 791 3633 ε’γί·

285 3661 340 3693 νετο
353 3640 394 3694 ε’πὶ
408 3639 466 3696 τοὺς
479 3640 682 3712 ε’κλελεγμίνους.
699 3639 788 3698 Clem.

285 3719 361 3791 150.

245 3805 358 3873 Μακράν.
401 3801 460 3869 ξένα
483 3802 524 3856 καὶ
547 3805 643 3874 μακράν
663 3805 720 3858 ε’στι
741 3810 791 3860 τῶν

283 3884 409 3954 άπεχθῶν.
430 3880 519 3939 Clem.
536 3881 649 3958 Fragm.
661 3883 698 3940 iv.
740 3909 788 3953 μα-

284 3966 345 4036 κράν
363 3965 419 4019 ε’στι
439 3966 524 4032 πάσης
541 3967 670 4037 άμορτίας.
693 3964 786 4041 Polyc.

285 4044 355 4101 Phil.
367 4063 393 4118 3.
436 4047 532 4118 μακρὸν
545 4050 624 4104 οὔσας
637 4050 722 4117 πάσης
736 4051 790 4104 δια·

282 4130 372 4196 βολῆς.
397 4146 422 4196 4.
454 4129 551 4199 μακρὰν
564 4128 633 4185 ὄντες
645 4130 730 4197 πάσης
743 4133 788 4201 φι-

283 4210 430 4279 λαργυρίας.
454 4207 479 4262 6.
522 4208 677 4279 α’γρίόιονού
693 4213 789 4283 μακράν

282 4290 385 4359 άπὲχον.
408 4287 493 4346 Mart.
509 4287 602 4365 Polyc.
620 4304 645 4362 5.

243 4370 427 4441 Μακροθυμεῖν.
456 4373 574 4444 ἀγάπη..
587 4374 681 4426 ,πάντα
696 4396 788 4446 μακρο-

283 4452 362 4519 θυμεῖ.
385 4450 473 4508 Clem.
491 4451 506 4507 Ι
522 4471 569 4526 49.
619 4456 786 4527 Μακροθυμὴ·

282 4555 345 4587 σατε
359 4532 403 4588 οὖν
415 4534 469 4602 μετ’
483 4533 603 4604 άλληλαν
615 4536 642 4590 ἐν
654 4541 786 4610 πραότητι.

283 4613 345 4690 Igu.
363 4613 454 4690 Polye.
477 4615 502 4671 6.

243 4695 413 4769 Μακραθυμία.
455 4699 581 4753 διδάσκων
599 4700 729 4754 ε’πιείκειαν
747 4703 787 4755 καί

281 4779 459 4847 μακροθυμίαν.
490 4777 578 4836 Olem.
600 4778 615 4834 Ι
638 4798 680 4852 13.
736 4781 787 4854 δῴη

282 4862 352 4928 πάσῃ
379 4861 454 4930 ψυχῇ
473 4862 711 4932 ...μακροθυμίαν
738 4862 784 4932 58.

283 4941 698 5012 ὑπολειφθηναι...μακροθιμίᾳ.
721 4940 783 5018 Igu.

283 5019 355 5095 Eph.
379 5038 404 5092 3·
447 5024 602 5092 φοβηθῶμεν
624 5025 670 5092 τὴν
691 5045 784 5094 W·

281 5103 370 5172 θυρίον
383 5106 428 5156 τοῦ
441 5106 516 5156 Θεοῦ.
535 5120 578 5159 11.

242 5185 414 5252 Μακρόθυμος.
468 5189 498 5237 τὸ
523 5185 684 5258 μακρόθυμαν
710 5185 787 5239 αὐτοῦ

279 5265 404 5334 βούλημα.
428 5261 515 5321 ΟΙοτα.
532 5265 606 5340 119.

240 5350 366 5403 Μαλακός.
403 5350 461 5400 οὔτε
478 5350 573 5419 πόρνοι,
593 5352 651 5402 οὔτε
671 5348 786 5416 μαλακαί.

876 1445 950 1518 113.
980 1449 1102 1501 Μάλιστα
1114 1443 1177 1515 ᾔδει.
1196 1462 1242 1516 43.
1270 1444 1384 1512 μιΜιατα

874 1529 918 1582 ε’άν
931 1531 946 1582 6
960 1527 1051 1599 Κύριός
1068 1550 1111 1596 μοι
1129 1525 1293 1597 άπακαλύψη.
1315 1521 1380 1598 Igu.

876 1607 949 1684 Eph.
965 1627 1010 1665 20.
1050 1611 1164 1678 μαλιστα
1177 1608 1305 1662 ε’άνίνίνί
1319 1605 1383 1660 ὦσιν

875 1692 925 1745 σὺν
943 1695 979 1766 τῷ
999 1692 1138 1765 ε’πισκόπιρ.
1162 1686 1272 1745 Ρ11111111.
1291 1685 1380 1742 Inscr.

874 1775 986 1840 μάλιστα
1005 1774 1033 1828 δι’
1051 1772 1133 1826 ἕνεκεν
1146 1775 1221 1825 θεοῦ.
1243 1767 1336 1842 Polyc.
1353 1785 1379 1840 3.

874 1856 986 1919 μάλιστα
999 1854 1046 1924 μίν
1058 1857 1126 1922 κοινῇ
1140 1855 1226 1908 πάσαν
1240 1850 1381 1916 ε’κκλησίαν.

876 1932 960 1992 Mart.
978 1934 1041 2010 Ign.
1062 1953 1088 2007 3.
1131 1938 1244 2003 μάλιστα
1254 1932 1382 1986 Ἰουδαίων

874 2016 1015 2087 προθύμως.
1038 2015 1124 2072 Mart.
1141 2014 1235 2089 Polyc.
1255 2030 1298 2085 13.

834 2100 949 2152 Μᾶλλον.
964 2099 1168 2168 ὑποτασσόμενοι
1176 2100 1283 2165 μάλλον.
1289 2092 1378 2151 (112111.

875 2177 932 2234 12.
976 2181 1098 2249 ὑπηκόους
1114 2180 1178 2247 ἡμᾶς
1195 2180 1294 2245 μᾶλλον
1308 2178 1380 2248 γενί-

874 2261 983 2336 σθαιτῲ
999 2265 1063 2335 θεῷ.
1083 2278 1125 2329 14.
1168 2263 1267 2328 μᾶλλον
1285 2258 1312 2312 δι’
1330 2258 1380 2311 κίν-

874 2343 948 2396 δυνον
964 2343 1111 2411 ὑποίσομεν.
1133 2339 1170 2397 ib.
1214 2343 1322 2394 Μᾶλλον
1337 2339 1379 2392 άν-

874 2422 984 2492 θρὼποις
993 2423 1101 2494 άφροσι.
1117 2439 1162 2478 21.
1180 2424 1271 2495 πολλῷ
1280 2423 1381 2489 μᾶλλον

873 2505 947 2561 αὐτὸς
975 2506 1005 2558 οὐ
1026 2503 1161 2576 ψεύσεται.
1187 2514 1231 2574 27.
1280 2504 1381 2570 μᾶλλον

873 2586 1023 2654 ίιποκείμεθα
1038 2584 1151 2658 κινδύνῳ.
1174 2601 1220 2653 41.
1264 2581 1380 2657 τοσούτῳ

872 2668 922 2738 γὰρ
956 2669 1055 2735 μᾶλλον
1087 2667 1301 2736 ταπεινοφρονεῖν.
1331 2665 1377 2733 48.

872 2748 1082 2817 μάλλονμείζυν.
1103 2745 1140 2803 ib.
1173 2746 1276 2803 ἑαυτούς
1289 2745 1378 2800 θελου·

873 2851 916 2883 σιν
928 2831 1028 2897 μᾶλλον
1041 2827 1128 2886 αίκίαις
1141 2831 1307 2899 περιπίπτειν.
1331 2839 1377 2898 51.

872 2913 973 2979 μάλλον
990 2911 1018 2964 δὲ
1039 2912 1132 2964 ίαυτῶν
1151 2913 1317 2983 κατάγνωσιν.
1340 2907 1377 2965 ib.

872 2993 902 3045 οὐ
922 2993 961 3046 δεῖ
977 2991 1040 3061 ἡμᾶς
1053 2992 1194 3063 φοβεῖσθαι
1210 2993 1269 3048 τοὺς
1284 2991 1380 3062 άνθρόν·

871 3095 935 3130 παυς
947 3076 1053 3142 μάλλον.
1069 3071 1103 3129 ΙΙ
1119 3093 1144 3143 4.
1175 3075 1379 3141 διώξαμενμαλ-

872 3157 919 3207 λον
938 3157 984 3223 τὴν
1003 3154 1101 3226 άρετὴν.
1127 3173 1169 3211 10.
1213 3154 1380 3226 προῃρημένοι

871 3238 970 3302 μᾶλλον
989 3237 1035 3304 τὴν
1055 3237 1142 3290 ε’νθάδε
1166 3236 1317 3290 άπόλαυσιν.
1339 3232 1376 3290 ib.

871 3319 1016 3373 πλοῦτος..
1032 3320 1148 3385 μᾶλλον
1168 3319 1254 3373 πενίας
1274 3316 1378 3388 ἔθλιψε.

873 3394 985 3472 Fragm.
1001 3397 1037 3452 iv.
1082 3399 1108 3452 ε’ν
1122 3401 1203 3469 Πατρὶ
1222 3399 1265 3462 ὢν,
1279 3399 1379 3465 μᾶλλον

872 3480 995 3547 φαίνεται.
1019 3477 1226 3554 1911101113.
1270 3479 1379 3531 Μᾶλλον

873 3559 1042 3614 καλακεύσατε
1057 3563 1089 3613 τὰ
1106 3562 1187 3631 θηρία.
1210 3578 1238 3628 4.
1279 3560 1379 3626 μᾶλλον

872 3640 1049 3709 μαθητεύομοι.
1073 3652 1099 3711 5.
1141 3643 1241 3709 μᾶλλόν
1253 3662 1297 3708 μοι
1312 3639 1375 3693 άπα-

872 3722 964 3777 θανεὶν.
981 3723 1007 3776 6.
1035 3725 1134 3790 μᾶλλον
1147 3723 1208 3791 ε’μοῦ
1221 3721 1330 3793 γίνεσθε.
1350 3731 1374 3791 7.

871 3801 969 3859 τούτοις
983 3805 1010 3857 δι’
1023 3806 1123 3872 μᾶλλον
1135 3802 1265 3870 πείσθητε.
1280 3799 1322 3857 ib.
1350 3801 1378 3855 ίν

870 3880 892 3960 ᾧ
904 3884 1032 3952 δεδεμένος
1042 3887 1174 3955 φοβοῦμαι
1187 3887 1293 3953 μᾶλλον.
1311 3879 1377 3938 Ρ111·

870 3963 924 4020 lad.
939 3978 964 4036 5.
996 3967 1134 4037 ἀρνοῦνται,
1148 3968 1248 4037 μᾶλλον
1261 3965 1288 4019 δι’
1302 3963 1376 4036 ἦρνή.

871 4048 952 4115 θησαν
981 4045 1093 4122 Smym.
1111 4059 1136 4118 5.
1179 4045 1315 4118 συνήγοροι
1331 4050 1377 4101 τοῦ

870 4129 978 4182 θανάτου
993 4132 1092 4198 μᾶλλον
1105 4129 1120 4199 η
1133 4132 1177 4198 τῆς
1190 4129 1314 4196 ἀληθείας.
1336 4125 1374 4184 ib.

869 4213 968 4279 μᾶλλον
977 4212 1180 4285 ε’πεσκοπημάνερ.
1187 4209 1281 4284 Polyc.
1286 4207 1374 4265 111201.

869 4293 1223 4362 μᾶλλοντούςλοιματίρους.
1244 4308 1268 4346 2.
1310 4294 1375 4357 μάλ-

870 4376 917 4427 λον
927 4375 954 4427 δί
967 4377 1025 4440 περὶ
1034 4373 1129 4428 τούτων
1139 4374 1239 4442 ὁμιλίαν
1248 4375 1330 4427 ποιοῦ.
1347 4382 1372 4441 5.

869 4456 1009 4523 μᾶλλονδὲ
1029 4455 1069 4508 ὅτι
1088 4457 1221 4526 παρεστὼς
1242 4457 1257 4508 6
1277 4453 1374 4524 Κύριος.

870 4533 954 4591 Mart.
972 4533 1065 4609 Polye.
1084 4553 1108 4590 2.

829 4617 976 4671 Μανθάνειν.
1006 4617 1156 4686 μαθέτωσαν
1168 4618 1193 4670 τί
1206 4619 1374 4687 ταπεινοφρο-

869 4697 931 4766 σύνη
944 4699 1013 4769 παρά
1023 4702 1080 4771 Θεῷ
1090 4697 1182 4768 ἰσχύει.
1199 4695 1287 4753 (112111.
1300 4698 1309 4752 Ι
1326 4714 1371 4752 21.

867 4779 958 4847 μάθετε
975 4779 1176 4833 ὑποτάσσεσθαι.
1199 4790 1245 4850 57.
1287 4779 1373 4846 μύθο-

867 4881 913 4927 μεν
933 4861 994 4912 κατὰ
1017 4863 1216 4930 Χριστιανισμὸν
1236 4863 1285 4929 (ἢν.
1308 4858 1371 4934 lgn.

869 4938 964 5014 Magn
982 4957 1024 4995 10.
1059 4945 1114 4994 Νῦν
1136 4942 1251 5007 μανθάνω
1273 4941 1373 5010 &aqa-

868 5043 918 5078 νος.
938 5018 1059 5091 1101114.
1090 5021 1220 5077 Βούλεσθε
1232 5023 1320 5088 μαθεῖν
1333 5019 1374 5076 οίά

866 5124 905 5159 τις
928 5101 1079 5174 ε’φθίγξοτα.
1101 5101 1213 5178 Fragm.
1229 5102 1246 5158 i.
1294 5106 1325 5158 Εί
1345 5104 1373 5157 δὲ

866 5183 954 5250 μαθεῖν
968 5183 1049 5240 θίλεις
1061 5186 1106 5238 τὸν
1114 5190 1160 5239 τοῦ
1173 5189 1373 5256 Χριστιανιαμοῦ

867 5266 954 5338 λόγον.
978 5263 1061 5322 Mart.
1079 5264 1172 5341 Polyc.
1190 5284 1232 5322 10.
1274 5268 1373 5322 Μαθόν-

868 5368 910 5403 τες
923 5345 967 5401 οὖν
980 5350 1064 5402 ταῦτα.
1089 5365 1133 5403 20.

909 5426 920 5483 l
