3250 6617
412 1049 497 1113 xxxii
667 1050 993 1114 RECENTIORUM
1017 1050 1036 1111 J
1043 1046 1200 1111 UDICIA

411 1219 628 1283 Ecclesiastica
651 1220 751 1303 capite
775 1220 894 1283 decimo
923 1219 1016 1282 tertio
1046 1216 1250 1300 reperiuntur.
1296 1211 1369 1274 Non
1402 1216 1453 1271 est

412 1324 511 1407 igitur
530 1323 609 1387 alius
623 1322 743 1387 Vedelii
760 1323 818 1384 Vir
832 1322 1029 1386 doctissimus
1050 1341 1144 1404 quam
1160 1317 1315 1380 Robertus
1330 1313 1453 1376 Parlrer

412 1435 544 1504 nostras,
559 1426 826 1490 schismaticorum
848 1426 1048 1510 coryphaeus,
1063 1445 1154 1507 quem
1170 1419 1329 1494 Vedelius,
1348 1439 1450 1501 quum

412 1528 545 1592 refutare
555 1528 657 1605 vellet,
667 1535 700 1592 et
711 1527 903 1592 Genevensis
914 1526 1093 1611 disciplinae
1107 1544 1265 1587 summum
1279 1527 1451 1603 patronum

411 1630 505 1693 fuisse
521 1637 669 1707 nosceret,
684 1631 810 1694 honoris
825 1653 917 1694 causa
932 1630 1090 1693 nominare
1105 1626 1215 1690 noluit.
1263 1624 1325 1686 Hic
1340 1631 1449 1687 autem

412 1732 564 1796 Parlrerus
594 1733 742 1796 tredecim
771 1733 943 1796 rationibus
973 1731 1129 1816 Epistolas
1162 1727 1284 1812 Ignatii
1320 1727 1450 1791 fictitias

410 1859 475 1899 esse
495 1837 624 1920 probare
646 1842 792 1900 conatur:
817 1839 903 1919 cujus
925 1834 1108 1919 conjecturis
1123 1832 1243 1896 Dallaei
1260 1830 1450 1903 Dissertatio

411 1939 544 2003 maxime
559 1939 746 2023 locupletata
760 1947 817 2003 est.

325 2090 332 2111 ‚
453 2042 529 2105 Post
544 2043 627 2105 hunc
643 2043 798 2106 Robertns
821 2041 932 2105 Cocus¹
948 2042 1044 2105 etiam
1066 2047 1186 2103 nostras
1208 2038 1307 2102 edidit
1327 2037 1449 2101 Censu-

317 2155 322 2166 '
410 2167 476 2207 ram
500 2145 694 2229 quorundam
715 2146 909 2229 Scriptorum
926 2144 1088 2221 Veterum,
1109 2144 1143 2206 in
1165 2165 1226 2227 qua
1247 2147 1450 2226 quotcunque

409 2252 465 2308 aut
480 2269 678 2330 quaecunque
693 2247 783 2310 firma
796 2248 969 2311 sententiae
982 2269 1056 2311 suae
1071 2245 1247 2330 probandae
1260 2250 1451 2327 argumenta

409 2348 529 2426 attulit,
558 2350 590 2413 id
620 2357 746 2414 tantum
782 2373 887 2415 revera
920 2351 1049 2434 probare
1085 2348 1220 2434 putavit,
1256 2347 1449 2431 “Epistolas

410 2459 431 2488 “
447 2451 567 2535 Ignatii
582 2459 637 2516 aut
652 2476 716 2517 esse
730 2453 954 2537 supposititiae,
969 2460 1025 2517 aut
1039 2452 1232 2535 corruptas.”

454 2553 561 2617 Quum
576 2555 651 2619 haec
665 2556 711 2619 ita
725 2579 757 2620 se
772 2557 933 2634 haberent,
951 2555 1100 2619 Nicolaus
1115 2553 1273 2631 Vedelius,
1289 2552 1451 2617 Professor

342 2673 347 2684 ·
410 2656 611 2735 Genevensis,
635 2680 699 2721 rem
719 2665 820 2723 totam
844 2659 884 2722 ad
907 2681 1036 2723 examen
1059 2657 1233 2722 revocavit:
1256 2655 1449 2740 Apologiam

407 2781 464 2842 pro
479 2758 607 2842 Ignatio
622 2759 756 2844 scripsit,
772 2783 885 2824 novam
900 2761 1079 2825 Editionem
1101 2759 1304 2836 adornavitm,
1318 2759 1448 2823 Exerci-

407 2861 578 2925 tationibus
600 2871 633 2927 et
647 2864 827 2947 Appendice
847 2865 1003 2948 Epistolas
1025 2863 1205 2928 illustravit.
1249 2860 1324 2928 'l'rcs
1344 2862 1448 2946 igitur

406 2965 458 3028 ille
482 2965 611 3029 Latinas
637 2966 764 3030 omnino
787 2968 903 3052 rejecit,
921 2969 1005 3052 quod
1028 2967 1152 3031 “nimis
1175 2975 1283 3051 aperta
1306 2966 1447 3050 ipsamm

407 3068 614 3152 “suppositio
641 3069 669 3132 ei
693 3069 883 3134 videretur.''
928 3071 1075 3154 Reliquas
1101 3070 1274 3134 Duodecim
1303 3069 1337 3132 in
1366 3069 1447 3135 duos

408 3171 518 3236 Libros
533 3171 689 3250 distinxit,
705 3197 836 3256 quorum
851 3174 934 3257 prior
948 3173 1088 3238 continet
1103 3173 1259 3257 Epistolas
1272 3173 1446 3252 Geuuinas,

406 3275 557 3357 posterior
572 3275 802 3359 Supposititias.
841 3275 1001 3341 Genuinas
1016 3284 1141 3341 tantum
1156 3276 1300 3361 agnoscit
1315 3277 1447 3360 Septem

406 3377 475 3442 illas
490 3378 528 3441 ab
541 3378 674 3442 Eusebio
691 3386 894 3457 memoratas;
911 3380 1043 3464 reliquas
1054 3380 1200 3464 Quinque
1214 3387 1269 3444 aut
1284 3402 1448 3464 perperam

407 3480 582 3564 inscriptas,
604 3488 659 3544 aut
682 3481 772 3566 plane
795 3482 1009 3567 supposititias
1032 3505 1098 3547 esse
1116 3482 1237 3547 statuit.
1283 3483 1447 3547 Praeterea

406 3583 439 3646 in
461 3584 543 3668 ipsas
566 3583 692 3668 Septem
714 3586 867 3669 genuinas
887 3609 950 3651 non
971 3609 1069 3672 pauca
1089 3586 1247 3670 irrepsisse
1263 3586 1446 3651 stellionum

406 3688 680 3753 audacissimorum
694 3690 830 3774 vestigia
843 3695 995 3754 testatur:
1018 3712 1096 3774 quae
1111 3688 1240 3753 Notulis
1257 3688 1444 3772 quibusdam

406 3792 438 3855 in
454 3792 595 3876 margine
609 3793 719 3878 positis
728 3794 899 3878 jugulavit.

451 3896 555 3961 Quare
576 3897 717 3961 Andreas
739 3897 882 3975 Rivetus,
903 3896 977 3960 licet
999 3896 1034 3959 in
1059 3895 1154 3960 tertia
1177 3896 1313 3961 editione
1333 3896 1444 3961 Critici

408 4000 494 4065 Sacri
522 4022 651 4064 censura
676 4000 805 4064 Robcrti
830 3999 905 4064 Coci
933 3998 976 4064 sit
998 4000 1134 4084 adjutus,
1162 4000 1444 4065 moderatissimam

405 4109 511 4167 tamen
540 4103 726 4166 sententiam
756 4104 901 4188 amplecti
930 4127 962 4168 sc
990 4104 1164 4189 profitetur,
1187 4103 1315 4181 scilicet,
1345 4112 1366 4142 “
1378 4125 1446 4169 esse

406 4207 600 4291 “plerasque
626 4205 782 4290 Epismlas
806 4207 937 4291 Ignatii,
961 4207 1001 4272 ad
1024 4207 1191 4271 minimum
1215 4207 1364 4291 Septem;
1387 4207 1445 4271 sed

406 4317 427 4348 “
441 4311 500 4373 hoc
525 4315 664 4393 tempore
686 4332 749 4373 non
775 4310 881 4374 haberi
907 4309 968 4374 nisi
993 4310 1192 4387 adulteratas,
1219 4315 1252 4374 et
1277 4310 1386 4374 multis
1408 4311 1444 4375 in

407 4421 428 4452 “
442 4413 517 4477 locis
531 4413 766 4497 interpolatas.”
810 4415 854 4478 Et
869 4413 981 4479 Daniel
996 4415 1189 4493 chamierus,
1204 4415 1238 4478 in
1253 4414 1442 4498 Responsio·

331 4551 336 4562 ·
405 4517 497 4581 nibus
522 4517 562 4580 ad
582 4516 775 4582 'testimonia
799 4539 819 4581 a
841 4517 1030 4581 Bellarmino
1052 4518 1197 4596 adducta,
1223 4518 1444 4583 auctoritatem

437 4702 444 4735 ¹
461 4702 584 4750 Fcclasiae
596 4703 739 4751 leodiensis
750 4702 874 4759 Vicarius,
885 4702 946 4751 Coll.
959 4703 1025 4750 Aen.
1037 4702 1064 4750 N
1065 4702 1101 4750 asi
1112 4702 1171 4750 olim
1182 4703 1269 4751 socius.

438 4793 456 4816 ⁰¹
467 4785 583 4833 Omnium
592 4785 784 4849 locupletissima
791 4785 1146 4833 Graeco-LatinaGenevcnsis
1157 4801 1222 4832 anno
1233 4784 1276 4834 162
1279 4800 1293 4847 3
1303 4790 1341 4834 est
1347 4784 1443 4847 Editio,

405 4877 421 4909 a
432 4863 537 4911 Nicolao
548 4863 650 4911 Vedelio
666 4864 801 4911 adornate:
820 4863 863 4925 qui
880 4862 999 4910 Latinum
1016 4863 1151 4910 Maestraei
1169 4867 1267 4910 textum
1285 4863 1311 4911 in
1329 4863 1444 4927 margine

405 4945 496 5009 passim
504 4945 619 5004 correxit,
627 4945 824 4993 Exercitationes
834 4961 879 5009 pro
886 4945 1036 5008 antiquitate
1044 4945 1172 4994 Catholica
1179 4946 1297 4993 adversus
1305 4945 1444 4995 Beroninm

405 5034 432 5077 ot
443 5027 621 5076 Bellarminum
637 5027 741 5091 singulis
753 5026 872 5091 Epistolis
888 5027 1004 5089 attexuit,
1018 5027 1168 5091 Apologiam
1184 5043 1229 5090 pro
1241 5028 1332 5090 Ignatii
1343 5028 1446 5093 scriptis

406 5110 539 5174 praemisit,
552 5115 578 5157 et
589 5110 692 5158 criticas
703 5110 784 5158 Notas
796 5109 849 5157 vioe
860 5109 1010 5172 Appendicis
1021 5110 1068 5158 toti
1080 5110 1155 5174 Operi
1165 5109 1278 5173 subjecit.
1296 5110 1416 5161 USSER.
