<?xml version="1.0" encoding="UTF-8"?>
<!DOCTYPE html PUBLIC "-//W3C//DTD XHTML 1.0 Transitional//EN"
    "http://www.w3.org/TR/xhtml1/DTD/xhtml1-transitional.dtd">
<html xmlns="http://www.w3.org/1999/xhtml" xml:lang="en" lang="en">
 <head>
  <title>
</title>
<meta http-equiv="Content-Type" content="text/html;charset=utf-8" />
  <meta name='ocr-system' content='tesseract 3.04.00' />
  <meta name='ocr-capabilities' content='ocr_page ocr_carea ocr_par ocr_line ocrx_word'/>
</head>
<body>
  <div class='ocr_page' id='page_1' title='image "./sclementisroman00polygoog_0334.png"; bbox 0 0 3250 6617; ppageno 0'>
   <div class='ocr_carea' id='block_1_1' title="bbox 578 1055 1277 1132">
    <p class='ocr_par' dir='ltr' id='par_1_1' title="bbox 578 1055 1277 1132">
     <span class='ocr_line' id='line_1_1' title="bbox 578 1055 1277 1132; baseline -0.009 -11"><span class='ocrx_word' id='word_1_1' title='bbox 578 1056 795 1121; x_wconf 81' lang='lat' dir='ltr'><strong>EPIS&#39;POLA</strong></span> <span class='ocrx_word' id='word_1_2' title='bbox 819 1055 865 1132; x_wconf 93' lang='lat' dir='ltr'>Il,</span> <span class='ocrx_word' id='word_1_3' title='bbox 883 1055 935 1117; x_wconf 90' lang='lat' dir='ltr'>vii.</span> <span class='ocrx_word' id='word_1_4' title='bbox 1213 1055 1277 1115; x_wconf 72' lang='lat'>245</span> 
     </span>
    </p>
   </div>
   <div class='ocr_carea' id='block_1_2' title="bbox 242 1225 1281 2144">
    <p class='ocr_par' dir='ltr' id='par_1_2' title="bbox 242 1225 1281 2144">
     <span class='ocr_line' id='line_1_2' title="bbox 242 1225 1278 1326; baseline -0.005 -23"><span class='ocrx_word' id='word_1_5' title='bbox 242 1240 387 1316; x_wconf 84' lang='lat' dir='ltr'>rectam,</span> <span class='ocrx_word' id='word_1_6' title='bbox 405 1240 589 1303; x_wconf 86' lang='lat' dir='ltr'>certamen</span> <span class='ocrx_word' id='word_1_7' title='bbox 611 1227 895 1326; x_wconf 79' lang='lat' dir='ltr'>incorruptibile,</span> <span class='ocrx_word' id='word_1_8' title='bbox 914 1237 952 1300; x_wconf 93' lang='lat' dir='ltr'>et</span> <span class='ocrx_word' id='word_1_9' title='bbox 969 1226 1078 1299; x_wconf 90' lang='lat' dir='ltr'>multi</span> <span class='ocrx_word' id='word_1_10' title='bbox 1094 1225 1141 1299; x_wconf 84' lang='lat' dir='ltr'>ad</span> <span class='ocrx_word' id='word_1_11' title='bbox 1157 1227 1278 1324; x_wconf 90' lang='lat' dir='ltr'>ipsum</span> 
     </span>
     <span class='ocr_line' id='line_1_3' title="bbox 242 1343 1278 1447; baseline -0.005 -28"><span class='ocrx_word' id='word_1_12' title='bbox 242 1347 466 1447; x_wconf 86' lang='lat' dir='ltr'>navigemus,</span> <span class='ocrx_word' id='word_1_13' title='bbox 483 1355 593 1443; x_wconf 88' lang='lat' dir='ltr'>atque</span> <span class='ocrx_word' id='word_1_14' title='bbox 610 1354 799 1429; x_wconf 88' lang='lat' dir='ltr'>certemus,</span> <span class='ocrx_word' id='word_1_15' title='bbox 813 1353 858 1416; x_wconf 93' lang='lat' dir='ltr'>ut</span> <span class='ocrx_word' id='word_1_16' title='bbox 874 1354 913 1417; x_wconf 89' lang='lat' dir='ltr'>et</span> <span class='ocrx_word' id='word_1_17' title='bbox 930 1369 1141 1416; x_wconf 80' lang='lat' dir='ltr'>coronemur</span> <span class='ocrx_word' id='word_1_18' title='bbox 1157 1373 1165 1431; x_wconf 90' lang='lat'>;</span> <span class='ocrx_word' id='word_1_19' title='bbox 1193 1343 1278 1416; x_wconf 88' lang='lat' dir='ltr'>etsi</span> 
     </span>
     <span class='ocr_line' id='line_1_4' title="bbox 242 1460 1279 1563; baseline -0.006 -25"><span class='ocrx_word' id='word_1_20' title='bbox 242 1491 315 1538; x_wconf 90' lang='lat' dir='ltr'>nen</span> <span class='ocrx_word' id='word_1_21' title='bbox 338 1490 532 1563; x_wconf 87' lang='lat' dir='ltr'>possumus</span> <span class='ocrx_word' id='word_1_22' title='bbox 557 1488 680 1535; x_wconf 88' lang='lat' dir='ltr'>omnes</span> <span class='ocrx_word' id='word_1_23' title='bbox 702 1460 873 1547; x_wconf 81' lang='lat' dir='ltr'>coronari,</span> <span class='ocrx_word' id='word_1_24' title='bbox 896 1460 1026 1534; x_wconf 88' lang='lat' dir='ltr'>saltem</span> <span class='ocrx_word' id='word_1_25' title='bbox 1050 1487 1163 1560; x_wconf 88' lang='lat' dir='ltr'>prope</span> <span class='ocrx_word' id='word_1_26' title='bbox 1183 1486 1279 1533; x_wconf 91' lang='lat' dir='ltr'>coro·</span> 
     </span>
     <span class='ocr_line' id='line_1_5' title="bbox 243 1577 1278 1676; baseline -0.004 -23"><span class='ocrx_word' id='word_1_27' title='bbox 243 1606 327 1653; x_wconf 86' lang='lat' dir='ltr'>nam</span> <span class='ocrx_word' id='word_1_28' title='bbox 343 1580 465 1653; x_wconf 89' lang='lat' dir='ltr'>simus.</span> <span class='ocrx_word' id='word_1_29' title='bbox 518 1578 616 1653; x_wconf 85' lang='lat' dir='ltr'>Scire</span> <span class='ocrx_word' id='word_1_30' title='bbox 634 1604 699 1651; x_wconf 91' lang='lat' dir='ltr'>nos</span> <span class='ocrx_word' id='word_1_31' title='bbox 715 1586 871 1675; x_wconf 90' lang='lat' dir='ltr'>oportet,</span> <span class='ocrx_word' id='word_1_32' title='bbox 888 1577 986 1675; x_wconf 84' lang='lat' dir='ltr'>quod</span> <span class='ocrx_word' id='word_1_33' title='bbox 1009 1577 1073 1676; x_wconf 91' lang='lat' dir='ltr'>qui</span> <span class='ocrx_word' id='word_1_34' title='bbox 1098 1586 1278 1651; x_wconf 83' lang='lat' dir='ltr'>certamen</span> 
     </span>
     <span class='ocr_line' id='line_1_6' title="bbox 242 1694 1279 1793; baseline -0.003 -24"><span class='ocrx_word' id='word_1_35' title='bbox 242 1694 473 1793; x_wconf 77' lang='lat' dir='ltr'>corruptibile</span> <span class='ocrx_word' id='word_1_36' title='bbox 503 1703 629 1780; x_wconf 82' lang='lat' dir='ltr'>certat,</span> <span class='ocrx_word' id='word_1_37' title='bbox 658 1694 690 1766; x_wconf 88' lang='lat' dir='ltr'>si</span> <span class='ocrx_word' id='word_1_38' title='bbox 719 1719 947 1791; x_wconf 87' lang='lat' dir='ltr'>corrumpere</span> <span class='ocrx_word' id='word_1_39' title='bbox 977 1720 1018 1767; x_wconf 90' lang='lat' dir='ltr'>ac</span> <span class='ocrx_word' id='word_1_40' title='bbox 1052 1720 1196 1792; x_wconf 84' lang='lat' dir='ltr'>peccare</span> <span class='ocrx_word' id='word_1_41' title='bbox 1226 1694 1279 1766; x_wconf 94' lang='lat' dir='ltr'>in-</span> 
     </span>
     <span class='ocr_line' id='line_1_7' title="bbox 242 1809 1280 1911; baseline -0.002 -26"><span class='ocrx_word' id='word_1_42' title='bbox 242 1811 420 1897; x_wconf 85' lang='lat' dir='ltr'>venietur,</span> <span class='ocrx_word' id='word_1_43' title='bbox 452 1809 659 1911; x_wconf 78' lang='lat' dir='ltr'>flagellatus</span> <span class='ocrx_word' id='word_1_44' title='bbox 692 1809 865 1894; x_wconf 80' lang='lat' dir='ltr'>aufertur,</span> <span class='ocrx_word' id='word_1_45' title='bbox 900 1820 940 1883; x_wconf 89' lang='lat' dir='ltr'>et</span> <span class='ocrx_word' id='word_1_46' title='bbox 973 1820 1078 1883; x_wconf 85' lang='lat' dir='ltr'>extra</span> <span class='ocrx_word' id='word_1_47' title='bbox 1118 1810 1280 1884; x_wconf 78' lang='lat' dir='ltr'>stadium</span> 
     </span>
     <span class='ocr_line' id='line_1_8' title="bbox 243 1926 1281 2029; baseline -0.002 -26"><span class='ocrx_word' id='word_1_48' title='bbox 243 1928 440 2029; x_wconf 88' lang='lat' dir='ltr'>projicitur.</span> <span class='ocrx_word' id='word_1_49' title='bbox 476 1928 577 2020; x_wconf 80' lang='lat' dir='ltr'>Quid</span> <span class='ocrx_word' id='word_1_50' title='bbox 593 1927 697 2001; x_wconf 86' lang='lat' dir='ltr'>vobis</span> <span class='ocrx_word' id='word_1_51' title='bbox 714 1926 862 2000; x_wconf 87' lang='lat' dir='ltr'>videtur</span> <span class='ocrx_word' id='word_1_52' title='bbox 876 1931 890 2001; x_wconf 67' lang='grc' dir='ltr'><strong>ἓ</strong></span> <span class='ocrx_word' id='word_1_53' title='bbox 910 1926 984 2018; x_wconf 79' lang='lat' dir='ltr'>Qui</span> <span class='ocrx_word' id='word_1_54' title='bbox 1001 1927 1281 2025; x_wconf 81' lang='lat' dir='ltr'>incorruptionis</span> 
     </span>
     <span class='ocr_line' id='line_1_9' title="bbox 243 2043 1281 2144; baseline -0.002 -25"><span class='ocrx_word' id='word_1_55' title='bbox 243 2056 425 2119; x_wconf 78' lang='lat' dir='ltr'>certamen</span> <span class='ocrx_word' id='word_1_56' title='bbox 449 2046 659 2144; x_wconf 89' lang='lat' dir='ltr'>corruperit,</span> <span class='ocrx_word' id='word_1_57' title='bbox 684 2043 773 2143; x_wconf 90' lang='lat' dir='ltr'>quid</span> <span class='ocrx_word' id='word_1_58' title='bbox 797 2044 986 2142; x_wconf 78' lang='lat' dir='ltr'>patieturl</span> <span class='ocrx_word' id='word_1_59' title='bbox 1023 2045 1081 2117; x_wconf 89' lang='lat' dir='ltr'>De</span> <span class='ocrx_word' id='word_1_60' title='bbox 1110 2044 1155 2117; x_wconf 83' lang='lat' dir='ltr'>iis</span> <span class='ocrx_word' id='word_1_61' title='bbox 1184 2045 1281 2117; x_wconf 87' lang='lat' dir='ltr'>enim</span> 
     </span>
    </p>
   </div>
   <div class='ocr_carea' id='block_1_3' title="bbox 243 2160 1426 2310">
    <p class='ocr_par' dir='ltr' id='par_1_3' title="bbox 243 2160 1426 2310">
     <span class='ocr_line' id='line_1_10' title="bbox 243 2160 1426 2262; baseline -0.005 -25"><span class='ocrx_word' id='word_1_62' title='bbox 243 2163 308 2262; x_wconf 91' lang='lat' dir='ltr'>qui</span> <span class='ocrx_word' id='word_1_63' title='bbox 331 2162 490 2261; x_wconf 86' lang='lat' dir='ltr'>sigillum</span> <span class='ocrx_word' id='word_1_64' title='bbox 514 2190 588 2236; x_wconf 91' lang='lat' dir='ltr'>non</span> <span class='ocrx_word' id='word_1_65' title='bbox 613 2161 849 2248; x_wconf 85' lang='lat' dir='ltr'>servaverint,</span> <span class='ocrx_word' id='word_1_66' title='bbox 875 2161 953 2250; x_wconf 84' lang='lat' dir='ltr'>ait;</span> <span class='ocrx_word' id='word_1_67' title='bbox 989 2160 1132 2235; x_wconf 79' lang='lat' dir='ltr'>Ver-mis</span> <span class='ocrx_word' id='word_1_68' title='bbox 1156 2188 1280 2235; x_wconf 77' lang='lat' dir='ltr'>corum</span> <span class='ocrx_word' id='word_1_69' title='bbox 1296 2185 1360 2233; x_wconf 71' lang='lat' dir='ltr'>nar.</span> <span class='ocrx_word' id='word_1_70' title='bbox 1375 2184 1426 2232; x_wconf 77' lang='lat' dir='ltr'>nvi</span> 
     </span>
     <span class='ocr_line' id='line_1_11' title="bbox 1295 2266 1333 2310; baseline -0.053 -11"><span class='ocrx_word' id='word_1_71' title='bbox 1295 2266 1333 2310; x_wconf 66' lang='grc' dir='ltr'>τι.</span> 
     </span>
    </p>
   </div>
   <div class='ocr_carea' id='block_1_4' title="bbox 243 2408 1290 5253">
    <p class='ocr_par' dir='ltr' id='par_1_4' title="bbox 243 2408 1280 2813">
     <span class='ocr_line' id='line_1_12' title="bbox 244 2408 1278 2484; baseline 0 -17"><span class='ocrx_word' id='word_1_72' title='bbox 244 2416 284 2469; x_wconf 75' lang='grc' dir='ltr'>καὶ</span> <span class='ocrx_word' id='word_1_73' title='bbox 307 2416 341 2470; x_wconf 77' lang='grc' dir='ltr'>ὣς</span> <span class='ocrx_word' id='word_1_74' title='bbox 361 2414 451 2484; x_wconf 74' lang='grc' dir='ltr'>ἔτυχεν</span> <span class='ocrx_word' id='word_1_75' title='bbox 473 2412 655 2484; x_wconf 71' lang='grc' dir='ltr'>ἀγωνίσασθαι,</span> <span class='ocrx_word' id='word_1_76' title='bbox 673 2411 741 2465; x_wconf 80' lang='grc' dir='ltr'>ἀλλὰ</span> <span class='ocrx_word' id='word_1_77' title='bbox 781 2413 906 2475; x_wconf 77' lang='grc' dir='ltr'>βάλλεται</span> <span class='ocrx_word' id='word_1_78' title='bbox 933 2414 978 2464; x_wconf 85' lang='grc' dir='ltr'>τοῦ</span> <span class='ocrx_word' id='word_1_79' title='bbox 1003 2411 1105 2483; x_wconf 74' lang='grc' dir='ltr'>ἀγῶνος.</span> <span class='ocrx_word' id='word_1_80' title='bbox 1143 2408 1278 2467; x_wconf 81' lang='lat' dir='ltr'>COTEL.</span> 
     </span>
     <span class='ocr_line' id='line_1_13' title="bbox 244 2489 1279 2566; baseline -0.001 -16"><span class='ocrx_word' id='word_1_81' title='bbox 244 2496 276 2550; x_wconf 74' lang='grc' dir='ltr'>ὃν</span> <span class='ocrx_word' id='word_1_82' title='bbox 296 2496 330 2564; x_wconf 79' lang='grc' dir='ltr'>μὴ</span> <span class='ocrx_word' id='word_1_83' title='bbox 349 2492 428 2550; x_wconf 76' lang='grc' dir='ltr'>οὕτως</span> <span class='ocrx_word' id='word_1_84' title='bbox 450 2495 589 2565; x_wconf 75' lang='grc' dir='ltr'><strong><em>δράμωμεν,</em></strong></span> <span class='ocrx_word' id='word_1_85' title='bbox 611 2495 644 2549; x_wconf 79' lang='grc' dir='ltr'>ὡς</span> <span class='ocrx_word' id='word_1_86' title='bbox 667 2493 742 2563; x_wconf 81' lang='grc' dir='ltr'>μέχρι</span> <span class='ocrx_word' id='word_1_87' title='bbox 782 2490 882 2547; x_wconf 83' lang='lat' dir='ltr'>Addas</span> <span class='ocrx_word' id='word_1_88' title='bbox 896 2490 972 2547; x_wconf 88' lang='lat' dir='ltr'>iuter</span> <span class='ocrx_word' id='word_1_89' title='bbox 986 2489 1041 2547; x_wconf 91' lang='lat' dir='ltr'>alia</span> <span class='ocrx_word' id='word_1_90' title='bbox 1057 2490 1181 2566; x_wconf 80' lang='lat' dir='ltr'>Thucyd.</span> <span class='ocrx_word' id='word_1_91' title='bbox 1197 2512 1215 2548; x_wconf 87' lang='lat' dir='ltr'>v</span> <span class='ocrx_word' id='word_1_92' title='bbox 1230 2507 1279 2564; x_wconf 89' lang='lat'>50.</span> 
     </span>
     <span class='ocr_line' id='line_1_14' title="bbox 243 2571 1268 2648; baseline -0.001 -16"><span class='ocrx_word' id='word_1_93' title='bbox 243 2576 336 2633; x_wconf 67' lang='grc' dir='ltr'>τέλους</span> <span class='ocrx_word' id='word_1_94' title='bbox 348 2574 476 2645; x_wconf 77' lang='grc' dir='ltr'>ἆλτ’ρττοντ</span> <span class='ocrx_word' id='word_1_95' title='bbox 489 2575 591 2630; x_wconf 72' lang='grc' dir='ltr'>ἑαυτοὺς</span> <span class='ocrx_word' id='word_1_96' title='bbox 600 2577 743 2645; x_wconf 84' lang='grc' dir='ltr'>παρασχεῖν</span> <span class='ocrx_word' id='word_1_97' title='bbox 782 2571 812 2629; x_wconf 89' lang='lat' dir='ltr'>N</span> <span class='ocrx_word' id='word_1_98' title='bbox 813 2572 900 2630; x_wconf 84' lang='lat' dir='ltr'>ultius</span> <span class='ocrx_word' id='word_1_99' title='bbox 914 2571 1064 2630; x_wconf 75' lang='lat' dir='ltr'>infeliciter</span> <span class='ocrx_word' id='word_1_100' title='bbox 1077 2572 1148 2648; x_wconf 82' lang='lat' dir='ltr'>conj.</span> <span class='ocrx_word' id='word_1_101' title='bbox 1165 2575 1268 2646; x_wconf 72' lang='grc' dir='ltr'>δέρετον.</span> 
     </span>
     <span class='ocr_line' id='line_1_15' title="bbox 244 2650 1280 2733; baseline -0.001 -20"><span class='ocrx_word' id='word_1_102' title='bbox 244 2661 284 2713; x_wconf 78' lang='grc' dir='ltr'>καὶ</span> <span class='ocrx_word' id='word_1_103' title='bbox 306 2658 383 2730; x_wconf 73' lang='grc' dir='ltr'>ε’γγῦσ</span> <span class='ocrx_word' id='word_1_104' title='bbox 404 2656 522 2727; x_wconf 68' lang='grc' dir='ltr'>γενέσθαι</span> <span class='ocrx_word' id='word_1_105' title='bbox 543 2660 588 2709; x_wconf 88' lang='grc' dir='ltr'>τοῦ</span> <span class='ocrx_word' id='word_1_106' title='bbox 609 2656 741 2727; x_wconf 73' lang='grc' dir='ltr'>βραβεῖον,</span> <span class='ocrx_word' id='word_1_107' title='bbox 825 2674 850 2728; x_wconf 88' lang='lat'>9.</span> <span class='ocrx_word' id='word_1_108' title='bbox 868 2656 913 2724; x_wconf 76' lang='grc' dir='ltr'>τὴν</span> <span class='ocrx_word' id='word_1_109' title='bbox 929 2650 1073 2733; x_wconf 77' lang='grc' dir='ltr'>σφραγῖδα]</span> <span class='ocrx_word' id='word_1_110' title='bbox 1101 2654 1280 2730; x_wconf 81' lang='lat' dir='ltr'>Bsptlslnum</span> 
     </span>
     <span class='ocr_line' id='line_1_16' title="bbox 244 2734 1280 2813; baseline -0.002 -18"><span class='ocrx_word' id='word_1_111' title='bbox 244 2738 470 2807; x_wconf 75' lang='grc' dir='ltr'>οὐδένὴμῖνέσται</span> <span class='ocrx_word' id='word_1_112' title='bbox 483 2736 568 2792; x_wconf 80' lang='grc' dir='ltr'>πλέον.</span> <span class='ocrx_word' id='word_1_113' title='bbox 585 2734 721 2793; x_wconf 81' lang='lat' dir='ltr'>COTEL.</span> <span class='ocrx_word' id='word_1_114' title='bbox 782 2734 919 2812; x_wconf 80' lang='lat' dir='ltr'>intellige.</span> <span class='ocrx_word' id='word_1_115' title='bbox 967 2736 1076 2794; x_wconf 89' lang='lat' dir='ltr'>Locum</span> <span class='ocrx_word' id='word_1_116' title='bbox 1103 2736 1178 2793; x_wconf 90' lang='lat' dir='ltr'>hune</span> <span class='ocrx_word' id='word_1_117' title='bbox 1206 2736 1280 2813; x_wconf 91' lang='lat' dir='ltr'>pari·</span> 
     </span>
    </p>

    <p class='ocr_par' dir='ltr' id='par_1_5' title="bbox 244 2816 1280 3057">
     <span class='ocr_line' id='line_1_17' title="bbox 286 2816 1279 2894; baseline -0.001 -20"><span class='ocrx_word' id='word_1_118' title='bbox 286 2839 312 2889; x_wconf 82' lang='lat'>4.</span> <span class='ocrx_word' id='word_1_119' title='bbox 326 2823 371 2874; x_wconf 81' lang='grc' dir='ltr'>τοῦ</span> <span class='ocrx_word' id='word_1_120' title='bbox 384 2818 527 2890; x_wconf 86' lang='grc' dir='ltr'>στεφάνου]</span> <span class='ocrx_word' id='word_1_121' title='bbox 543 2816 587 2874; x_wconf 92' lang='lat' dir='ltr'>De</span> <span class='ocrx_word' id='word_1_122' title='bbox 602 2816 742 2892; x_wconf 83' lang='lat' dir='ltr'>Martyria</span> <span class='ocrx_word' id='word_1_123' title='bbox 782 2826 828 2875; x_wconf 87' lang='lat' dir='ltr'>ter</span> <span class='ocrx_word' id='word_1_124' title='bbox 845 2816 989 2894; x_wconf 86' lang='lat' dir='ltr'>explicant</span> <span class='ocrx_word' id='word_1_125' title='bbox 1003 2817 1194 2875; x_wconf 78' lang='lat' dir='ltr'>Tertullianus</span> <span class='ocrx_word' id='word_1_126' title='bbox 1214 2818 1279 2875; x_wconf 87' lang='lat' dir='ltr'>adv.</span> 
     </span>
     <span class='ocr_line' id='line_1_18' title="bbox 244 2898 1280 2977; baseline 0 -20"><span class='ocrx_word' id='word_1_127' title='bbox 244 2899 392 2977; x_wconf 81' lang='lat' dir='ltr'>speciatim</span> <span class='ocrx_word' id='word_1_128' title='bbox 405 2898 476 2956; x_wconf 87' lang='lat' dir='ltr'>haec</span> <span class='ocrx_word' id='word_1_129' title='bbox 489 2898 743 2975; x_wconf 80' lang='lat' dir='ltr'>intelligendaessc</span> <span class='ocrx_word' id='word_1_130' title='bbox 783 2898 870 2956; x_wconf 86' lang='lat' dir='ltr'>Mare.</span> <span class='ocrx_word' id='word_1_131' title='bbox 893 2899 911 2956; x_wconf 97' lang='lat' dir='ltr'>l.</span> <span class='ocrx_word' id='word_1_132' title='bbox 933 2920 960 2969; x_wconf 86' lang='lat'>4,</span> <span class='ocrx_word' id='word_1_133' title='bbox 985 2898 1145 2975; x_wconf 63' lang='lat' dir='ltr'>Cyprianus</span> <span class='ocrx_word' id='word_1_134' title='bbox 1166 2899 1202 2956; x_wconf 82' lang='lat' dir='ltr'>sd</span> <span class='ocrx_word' id='word_1_135' title='bbox 1223 2900 1280 2957; x_wconf 90' lang='lat' dir='ltr'>De-</span> 
     </span>
     <span class='ocr_line' id='line_1_19' title="bbox 245 2979 1279 3057; baseline -0.001 -18"><span class='ocrx_word' id='word_1_136' title='bbox 245 2989 342 3040; x_wconf 90' lang='lat' dir='ltr'>eenset</span> <span class='ocrx_word' id='word_1_137' title='bbox 357 2979 576 3057; x_wconf 81' lang='lat' dir='ltr'>Hilgenfeldius.</span> <span class='ocrx_word' id='word_1_138' title='bbox 783 2987 860 3053; x_wconf 80' lang='lat' dir='ltr'>met,</span> <span class='ocrx_word' id='word_1_139' title='bbox 878 2989 907 3038; x_wconf 92' lang='lat' dir='ltr'>et</span> <span class='ocrx_word' id='word_1_140' title='bbox 927 2980 1120 3057; x_wconf 79' lang='lat' dir='ltr'>Hieronymus</span> <span class='ocrx_word' id='word_1_141' title='bbox 1143 2980 1173 3038; x_wconf 90' lang='lat' dir='ltr'>in</span> <span class='ocrx_word' id='word_1_142' title='bbox 1194 2982 1279 3039; x_wconf 77' lang='lat' dir='ltr'>Com·</span> 
     </span>
    </p>

    <p class='ocr_par' dir='ltr' id='par_1_6' title="bbox 245 3056 1282 3302">
     <span class='ocr_line' id='line_1_20' title="bbox 285 3056 1278 3139; baseline 0.002 -20"><span class='ocrx_word' id='word_1_143' title='bbox 285 3062 323 3121; x_wconf 92' lang='lat' dir='ltr'>ib.</span> <span class='ocrx_word' id='word_1_144' title='bbox 357 3064 456 3119; x_wconf 77' lang='grc' dir='ltr'>Εἶδέναι</span> <span class='ocrx_word' id='word_1_145' title='bbox 482 3062 545 3132; x_wconf 72' lang='grc' dir='ltr'>ἡμᾶς</span> <span class='ocrx_word' id='word_1_146' title='bbox 573 3056 623 3139; x_wconf 79' lang='grc' dir='ltr'>δεῖ]</span> <span class='ocrx_word' id='word_1_147' title='bbox 663 3059 742 3117; x_wconf 88' lang='lat' dir='ltr'>Haec</span> <span class='ocrx_word' id='word_1_148' title='bbox 782 3068 870 3120; x_wconf 89' lang='lat' dir='ltr'>ment.</span> <span class='ocrx_word' id='word_1_149' title='bbox 893 3061 958 3119; x_wconf 81' lang='lat' dir='ltr'>vid.</span> <span class='ocrx_word' id='word_1_150' title='bbox 974 3061 1061 3139; x_wconf 81' lang='lat' dir='ltr'>Apoe.</span> <span class='ocrx_word' id='word_1_151' title='bbox 1072 3062 1111 3119; x_wconf 88' lang='lat' dir='ltr'>vii</span> <span class='ocrx_word' id='word_1_152' title='bbox 1127 3082 1152 3136; x_wconf 84' lang='lat'>3.</span> <span class='ocrx_word' id='word_1_153' title='bbox 1170 3062 1278 3121; x_wconf 86' lang='lat' dir='ltr'>FELL.</span> 
     </span>
     <span class='ocr_line' id='line_1_21' title="bbox 245 3141 1282 3221; baseline -0.001 -20"><span class='ocrx_word' id='word_1_154' title='bbox 245 3144 321 3221; x_wconf 89' lang='lat' dir='ltr'>apud</span> <span class='ocrx_word' id='word_1_155' title='bbox 356 3141 556 3213; x_wconf 80' lang='lat' dir='ltr'>Colomesium,</span> <span class='ocrx_word' id='word_1_156' title='bbox 594 3141 674 3217; x_wconf 79' lang='lat' dir='ltr'>Ittig.</span> <span class='ocrx_word' id='word_1_157' title='bbox 713 3148 743 3199; x_wconf 86' lang='lat' dir='ltr'>et</span> <span class='ocrx_word' id='word_1_158' title='bbox 784 3141 826 3200; x_wconf 78' lang='lat' dir='ltr'>Of.</span> <span class='ocrx_word' id='word_1_159' title='bbox 845 3143 859 3218; x_wconf 62' lang='grc' dir='ltr'><strong>ξ</strong></span> <span class='ocrx_word' id='word_1_160' title='bbox 876 3157 890 3217; x_wconf 84' lang='lat'><strong>7</strong></span> <span class='ocrx_word' id='word_1_161' title='bbox 906 3163 1000 3220; x_wconf 86' lang='lat' dir='ltr'>supra,</span> <span class='ocrx_word' id='word_1_162' title='bbox 1021 3148 1065 3200; x_wconf 79' lang='grc' dir='ltr'>ε’ἂν</span> <span class='ocrx_word' id='word_1_163' title='bbox 1081 3147 1115 3216; x_wconf 72' lang='grc' dir='ltr'>μὴ</span> <span class='ocrx_word' id='word_1_164' title='bbox 1135 3144 1282 3217; x_wconf 73' lang='grc' dir='ltr'>τηρὴσωμεν</span> 
     </span>
     <span class='ocr_line' id='line_1_22' title="bbox 247 3222 1280 3302; baseline -0.001 -19"><span class='ocrx_word' id='word_1_165' title='bbox 247 3226 328 3302; x_wconf 82' lang='lat' dir='ltr'>Frey.</span> <span class='ocrx_word' id='word_1_166' title='bbox 344 3232 571 3301; x_wconf 84' lang='lat' dir='ltr'>eaputoctavum</span> <span class='ocrx_word' id='word_1_167' title='bbox 585 3222 732 3299; x_wconf 87' lang='lat' dir='ltr'>incipiunt.</span> <span class='ocrx_word' id='word_1_168' title='bbox 782 3228 812 3279; x_wconf 82' lang='grc' dir='ltr'>τὸ</span> <span class='ocrx_word' id='word_1_169' title='bbox 833 3228 966 3295; x_wconf 75' lang='grc' dir='ltr'>βάπτισμα</span> <span class='ocrx_word' id='word_1_170' title='bbox 982 3250 1004 3281; x_wconf 82' lang='grc' dir='ltr'>ιι.</span> <span class='ocrx_word' id='word_1_171' title='bbox 1018 3250 1040 3283; x_wconf 86' lang='grc' dir='ltr'>τ.</span> <span class='ocrx_word' id='word_1_172' title='bbox 1057 3231 1081 3282; x_wconf 87' lang='grc' dir='ltr'>λ.</span> <span class='ocrx_word' id='word_1_173' title='bbox 1126 3225 1206 3282; x_wconf 89' lang='lat' dir='ltr'>Nihil</span> <span class='ocrx_word' id='word_1_174' title='bbox 1220 3226 1280 3282; x_wconf 86' lang='lat' dir='ltr'>vul-</span> 
     </span>
    </p>

    <p class='ocr_par' dir='ltr' id='par_1_7' title="bbox 246 3300 1282 3708">
     <span class='ocr_line' id='line_1_23' title="bbox 288 3300 1282 3383; baseline 0.003 -21"><span class='ocrx_word' id='word_1_175' title='bbox 288 3321 313 3380; x_wconf 91' lang='lat'>5.</span> <span class='ocrx_word' id='word_1_176' title='bbox 334 3309 377 3362; x_wconf 75' lang='grc' dir='ltr'>ἐὰν</span> <span class='ocrx_word' id='word_1_177' title='bbox 398 3307 487 3378; x_wconf 76' lang='grc' dir='ltr'>εὑρεθῇ</span> <span class='ocrx_word' id='word_1_178' title='bbox 508 3300 640 3383; x_wconf 61' lang='grc' dir='ltr'>φθείρων]</span> <span class='ocrx_word' id='word_1_179' title='bbox 664 3303 741 3380; x_wconf 82' lang='lat' dir='ltr'>Age-</span> <span class='ocrx_word' id='word_1_180' title='bbox 783 3306 877 3381; x_wconf 77' lang='lat' dir='ltr'>getius</span> <span class='ocrx_word' id='word_1_181' title='bbox 899 3306 975 3382; x_wconf 86' lang='lat' dir='ltr'>apud</span> <span class='ocrx_word' id='word_1_182' title='bbox 992 3314 1102 3364; x_wconf 81' lang='lat' dir='ltr'>vet-eres</span> <span class='ocrx_word' id='word_1_183' title='bbox 1129 3325 1214 3382; x_wconf 74' lang='lat' dir='ltr'>qutun</span> <span class='ocrx_word' id='word_1_184' title='bbox 1242 3307 1282 3365; x_wconf 84' lang='lat' dir='ltr'>ita</span> 
     </span>
     <span class='ocr_line' id='line_1_24' title="bbox 246 3385 1281 3463; baseline -0.001 -17"><span class='ocrx_word' id='word_1_185' title='bbox 246 3409 297 3447; x_wconf 87' lang='lat' dir='ltr'>nes</span> <span class='ocrx_word' id='word_1_186' title='bbox 316 3388 371 3445; x_wconf 84' lang='lat' dir='ltr'>diis</span> <span class='ocrx_word' id='word_1_187' title='bbox 390 3386 485 3453; x_wconf 87' lang='lat' dir='ltr'>sacri;</span> <span class='ocrx_word' id='word_1_188' title='bbox 506 3385 625 3462; x_wconf 82' lang='lat' dir='ltr'>proinde</span> <span class='ocrx_word' id='word_1_189' title='bbox 645 3385 743 3461; x_wconf 84' lang='lat' dir='ltr'>impie·</span> <span class='ocrx_word' id='word_1_190' title='bbox 784 3387 919 3463; x_wconf 89' lang='lat' dir='ltr'>appellari</span> <span class='ocrx_word' id='word_1_191' title='bbox 935 3387 1133 3462; x_wconf 86' lang='lat' dir='ltr'>Baptismum:</span> <span class='ocrx_word' id='word_1_192' title='bbox 1155 3388 1219 3445; x_wconf 82' lang='lat' dir='ltr'>vide</span> <span class='ocrx_word' id='word_1_193' title='bbox 1233 3408 1281 3445; x_wconf 81' lang='lat' dir='ltr'>ex-</span> 
     </span>
     <span class='ocr_line' id='line_1_25' title="bbox 246 3466 1282 3546; baseline -0.005 -17"><span class='ocrx_word' id='word_1_194' title='bbox 246 3470 315 3529; x_wconf 86' lang='lat' dir='ltr'>tatis</span> <span class='ocrx_word' id='word_1_195' title='bbox 338 3488 427 3546; x_wconf 79' lang='lat' dir='ltr'>genus</span> <span class='ocrx_word' id='word_1_196' title='bbox 447 3475 509 3525; x_wconf 88' lang='lat' dir='ltr'>erat</span> <span class='ocrx_word' id='word_1_197' title='bbox 533 3474 633 3525; x_wconf 89' lang='lat' dir='ltr'>centra</span> <span class='ocrx_word' id='word_1_198' title='bbox 652 3466 742 3525; x_wconf 87' lang='lat' dir='ltr'>solon·</span> <span class='ocrx_word' id='word_1_199' title='bbox 784 3468 878 3544; x_wconf 90' lang='lat' dir='ltr'>empla</span> <span class='ocrx_word' id='word_1_200' title='bbox 886 3469 1096 3544; x_wconf 89' lang='lat' dir='ltr'>quamplurima</span> <span class='ocrx_word' id='word_1_201' title='bbox 1104 3468 1282 3526; x_wconf 80' lang='lat' dir='ltr'>in&#39;l&#39;hesauro</span> 
     </span>
     <span class='ocr_line' id='line_1_26' title="bbox 246 3547 1281 3625; baseline -0.002 -16"><span class='ocrx_word' id='word_1_202' title='bbox 246 3552 360 3609; x_wconf 86' lang='lat' dir='ltr'>nicrum</span> <span class='ocrx_word' id='word_1_203' title='bbox 373 3550 449 3625; x_wconf 83' lang='lat' dir='ltr'>leges</span> <span class='ocrx_word' id='word_1_204' title='bbox 463 3547 633 3624; x_wconf 88' lang='lat' dir='ltr'>delinquere.</span> <span class='ocrx_word' id='word_1_205' title='bbox 676 3548 741 3606; x_wconf 86' lang='lat' dir='ltr'>Vid.</span> <span class='ocrx_word' id='word_1_206' title='bbox 786 3548 985 3621; x_wconf 86' lang='lat' dir='ltr'>Suiceri,voee</span> <span class='ocrx_word' id='word_1_207' title='bbox 999 3553 1120 3623; x_wconf 78' lang='grc' dir='ltr'>Σφραγίε.</span> <span class='ocrx_word' id='word_1_208' title='bbox 1149 3549 1220 3609; x_wconf 89' lang='lat' dir='ltr'>Ideo</span> <span class='ocrx_word' id='word_1_209' title='bbox 1233 3570 1281 3607; x_wconf 86' lang='lat' dir='ltr'>au-</span> 
     </span>
     <span class='ocr_line' id='line_1_27' title="bbox 247 3629 1282 3708; baseline -0.001 -17"><span class='ocrx_word' id='word_1_210' title='bbox 247 3633 315 3691; x_wconf 89' lang='lat' dir='ltr'>Fsb.</span> <span class='ocrx_word' id='word_1_211' title='bbox 331 3630 461 3708; x_wconf 79' lang='lat' dir='ltr'>Agonist.</span> <span class='ocrx_word' id='word_1_212' title='bbox 477 3629 508 3686; x_wconf 91' lang='lat' dir='ltr'>iii</span> <span class='ocrx_word' id='word_1_213' title='bbox 525 3644 568 3703; x_wconf 86' lang='lat'>17.</span> <span class='ocrx_word' id='word_1_214' title='bbox 591 3629 700 3687; x_wconf 87' lang='lat' dir='ltr'>FELL.</span> <span class='ocrx_word' id='word_1_215' title='bbox 784 3638 845 3689; x_wconf 85' lang='lat' dir='ltr'>tem</span> <span class='ocrx_word' id='word_1_216' title='bbox 873 3630 1051 3707; x_wconf 89' lang='lat' dir='ltr'>Baptismum</span> <span class='ocrx_word' id='word_1_217' title='bbox 1084 3631 1125 3689; x_wconf 91' lang='lat' dir='ltr'>ita</span> <span class='ocrx_word' id='word_1_218' title='bbox 1155 3631 1282 3690; x_wconf 87' lang='lat' dir='ltr'>nemina-</span> 
     </span>
    </p>

    <p class='ocr_par' dir='ltr' id='par_1_8' title="bbox 247 3707 1290 5253">
     <span class='ocr_line' id='line_1_28' title="bbox 289 3707 1284 3790; baseline 0 -20"><span class='ocrx_word' id='word_1_219' title='bbox 289 3715 314 3771; x_wconf 89' lang='lat'>6.</span> <span class='ocrx_word' id='word_1_220' title='bbox 325 3707 618 3790; x_wconf 61' lang='lat' dir='ltr'>paertyuflelsaipereu]</span> <span class='ocrx_word' id='word_1_221' title='bbox 634 3710 744 3768; x_wconf 83' lang='lat' dir='ltr'>Iterum</span> <span class='ocrx_word' id='word_1_222' title='bbox 785 3713 863 3777; x_wconf 76' lang='lat' dir='ltr'>bant,</span> <span class='ocrx_word' id='word_1_223' title='bbox 884 3711 950 3788; x_wconf 76' lang='lat' dir='ltr'>quia</span> <span class='ocrx_word' id='word_1_224' title='bbox 971 3712 1113 3769; x_wconf 80' lang='lat' dir='ltr'>Dominus</span> <span class='ocrx_word' id='word_1_225' title='bbox 1133 3712 1182 3768; x_wconf 86' lang='lat' dir='ltr'>illo</span> <span class='ocrx_word' id='word_1_226' title='bbox 1203 3713 1284 3788; x_wconf 83' lang='lat' dir='ltr'>quusi</span> 
     </span>
     <span class='ocr_line' id='line_1_29' title="bbox 247 3792 1284 3870; baseline 0.002 -19"><span class='ocrx_word' id='word_1_227' title='bbox 247 3815 309 3852; x_wconf 87' lang='lat' dir='ltr'>mos</span> <span class='ocrx_word' id='word_1_228' title='bbox 332 3792 506 3869; x_wconf 71' lang='lat' dir='ltr'>agonisticus</span> <span class='ocrx_word' id='word_1_229' title='bbox 527 3792 686 3868; x_wconf 85' lang='lat' dir='ltr'>flagellandi</span> <span class='ocrx_word' id='word_1_230' title='bbox 712 3812 745 3850; x_wconf 85' lang='lat' dir='ltr'>ae</span> <span class='ocrx_word' id='word_1_231' title='bbox 785 3801 856 3851; x_wconf 86' lang='lat' dir='ltr'>neta</span> <span class='ocrx_word' id='word_1_232' title='bbox 876 3793 1020 3869; x_wconf 87' lang='lat' dir='ltr'>impressa,</span> <span class='ocrx_word' id='word_1_233' title='bbox 1043 3793 1097 3851; x_wconf 88' lang='lat' dir='ltr'>sibi</span> <span class='ocrx_word' id='word_1_234' title='bbox 1124 3792 1284 3870; x_wconf 86' lang='lat' dir='ltr'>baptizatos</span> 
     </span>
     <span class='ocr_line' id='line_1_30' title="bbox 247 3873 1285 3954; baseline 0.001 -20"><span class='ocrx_word' id='word_1_235' title='bbox 247 3875 378 3954; x_wconf 83' lang='lat' dir='ltr'>ejiciendi</span> <span class='ocrx_word' id='word_1_236' title='bbox 412 3873 541 3945; x_wconf 86' lang='lat' dir='ltr'>athletas,</span> <span class='ocrx_word' id='word_1_237' title='bbox 568 3873 618 3950; x_wconf 91' lang='lat' dir='ltr'>qui</span> <span class='ocrx_word' id='word_1_238' title='bbox 646 3882 746 3932; x_wconf 90' lang='lat' dir='ltr'>eontra</span> <span class='ocrx_word' id='word_1_239' title='bbox 785 3874 920 3945; x_wconf 87' lang='lat' dir='ltr'>vindieat,</span> <span class='ocrx_word' id='word_1_240' title='bbox 944 3877 979 3933; x_wconf 78' lang='grc' dir='ltr'>εἶς</span> <span class='ocrx_word' id='word_1_241' title='bbox 1006 3876 1159 3950; x_wconf 78' lang='grc' dir='ltr'>συντήρησιν</span> <span class='ocrx_word' id='word_1_242' title='bbox 1177 3880 1217 3931; x_wconf 81' lang='grc' dir='ltr'>καὶ</span> <span class='ocrx_word' id='word_1_243' title='bbox 1241 3882 1285 3947; x_wconf 76' lang='grc' dir='ltr'>τῆς</span> 
     </span>
     <span class='ocr_line' id='line_1_31' title="bbox 247 3956 1285 4034; baseline -0.002 -17"><span class='ocrx_word' id='word_1_244' title='bbox 247 3958 433 4017; x_wconf 77' lang='lat' dir='ltr'>certaminum</span> <span class='ocrx_word' id='word_1_245' title='bbox 458 3956 529 4014; x_wconf 85' lang='lat' dir='ltr'>scita</span> <span class='ocrx_word' id='word_1_246' title='bbox 551 3964 708 4031; x_wconf 84' lang='lat' dir='ltr'>peccarent,</span> <span class='ocrx_word' id='word_1_247' title='bbox 729 3976 747 4012; x_wconf 87' lang='lat' dir='ltr'>a</span> <span class='ocrx_word' id='word_1_248' title='bbox 786 3960 935 4014; x_wconf 76' lang='grc' dir='ltr'>δεσποτείας</span> <span class='ocrx_word' id='word_1_249' title='bbox 948 3959 1093 4027; x_wconf 79' lang='grc' dir='ltr'>σημείωσιν,</span> <span class='ocrx_word' id='word_1_250' title='bbox 1108 3964 1141 4015; x_wconf 91' lang='lat' dir='ltr'>ut</span> <span class='ocrx_word' id='word_1_251' title='bbox 1157 3957 1285 4034; x_wconf 88' lang='lat' dir='ltr'>loquitur</span> 
     </span>
     <span class='ocr_line' id='line_1_32' title="bbox 248 4037 1283 4114; baseline -0.003 -15"><span class='ocrx_word' id='word_1_252' title='bbox 248 4040 347 4099; x_wconf 88' lang='lat' dir='ltr'>multis</span> <span class='ocrx_word' id='word_1_253' title='bbox 374 4037 506 4114; x_wconf 87' lang='lat' dir='ltr'>antiquis,</span> <span class='ocrx_word' id='word_1_254' title='bbox 532 4037 746 4108; x_wconf 87' lang='lat' dir='ltr'>recentioribus,</span> <span class='ocrx_word' id='word_1_255' title='bbox 788 4037 944 4113; x_wconf 65' lang='lat' dir='ltr'>Gregorius</span> <span class='ocrx_word' id='word_1_256' title='bbox 972 4038 1177 4111; x_wconf 85' lang='lat' dir='ltr'>Nazianzenus,</span> <span class='ocrx_word' id='word_1_257' title='bbox 1202 4040 1283 4098; x_wconf 90' lang='lat' dir='ltr'>Orat.</span> 
     </span>
     <span class='ocr_line' id='line_1_33' title="bbox 247 4119 1282 4199; baseline -0.003 -18"><span class='ocrx_word' id='word_1_258' title='bbox 247 4139 450 4199; x_wconf 84' lang='lat' dir='ltr'>saepenumero</span> <span class='ocrx_word' id='word_1_259' title='bbox 477 4125 651 4176; x_wconf 88' lang='lat' dir='ltr'>memoratus</span> <span class='ocrx_word' id='word_1_260' title='bbox 661 4139 670 4191; x_wconf 87' lang='lat'>;</span> <span class='ocrx_word' id='word_1_261' title='bbox 705 4119 747 4176; x_wconf 90' lang='lat' dir='ltr'>in·</span> <span class='ocrx_word' id='word_1_262' title='bbox 789 4120 826 4177; x_wconf 89' lang='lat' dir='ltr'>xl.</span> <span class='ocrx_word' id='word_1_263' title='bbox 849 4119 873 4176; x_wconf 85' lang='lat' dir='ltr'>F</span> <span class='ocrx_word' id='word_1_264' title='bbox 875 4119 962 4177; x_wconf 80' lang='lat' dir='ltr'>REY.</span> <span class='ocrx_word' id='word_1_265' title='bbox 1018 4120 1164 4178; x_wconf 88' lang='lat' dir='ltr'>Barnabae</span> <span class='ocrx_word' id='word_1_266' title='bbox 1191 4121 1282 4197; x_wconf 83' lang='lat' dir='ltr'>Epist.</span> 
     </span>
     <span class='ocr_line' id='line_1_34' title="bbox 247 4200 1285 4281; baseline -0.001 -20"><span class='ocrx_word' id='word_1_267' title='bbox 247 4203 369 4281; x_wconf 79' lang='lat' dir='ltr'>signiter</span> <span class='ocrx_word' id='word_1_268' title='bbox 390 4220 458 4257; x_wconf 88' lang='lat' dir='ltr'>vcro</span> <span class='ocrx_word' id='word_1_269' title='bbox 482 4200 557 4257; x_wconf 88' lang='lat' dir='ltr'>inter</span> <span class='ocrx_word' id='word_1_270' title='bbox 581 4200 709 4276; x_wconf 83' lang='lat' dir='ltr'>Paganos</span> <span class='ocrx_word' id='word_1_271' title='bbox 729 4221 746 4257; x_wconf 87' lang='lat' dir='ltr'>a</span> <span class='ocrx_word' id='word_1_272' title='bbox 787 4202 802 4276; x_wconf 66' lang='grc' dir='ltr'><strong>ξ</strong></span> <span class='ocrx_word' id='word_1_273' title='bbox 819 4221 845 4276; x_wconf 88' lang='grc'>9,</span> <span class='ocrx_word' id='word_1_274' title='bbox 859 4204 1030 4274; x_wconf 81' lang='grc' dir='ltr'>περιτὲνμεται</span> <span class='ocrx_word' id='word_1_275' title='bbox 1044 4208 1058 4258; x_wconf 86' lang='grc' dir='ltr'>ὀ</span> <span class='ocrx_word' id='word_1_276' title='bbox 1074 4206 1138 4260; x_wconf 76' lang='grc' dir='ltr'>λαὸς</span> <span class='ocrx_word' id='word_1_277' title='bbox 1151 4205 1186 4260; x_wconf 83' lang='grc' dir='ltr'>εῖε</span> <span class='ocrx_word' id='word_1_278' title='bbox 1199 4208 1285 4276; x_wconf 81' lang='grc' dir='ltr'>σφρα-</span> 
     </span>
     <span class='ocr_line' id='line_1_35' title="bbox 250 4281 1283 4361; baseline -0.001 -19"><span class='ocrx_word' id='word_1_279' title='bbox 250 4285 375 4342; x_wconf 90' lang='lat' dir='ltr'>Lueiauo</span> <span class='ocrx_word' id='word_1_280' title='bbox 396 4282 425 4338; x_wconf 91' lang='lat' dir='ltr'>in</span> <span class='ocrx_word' id='word_1_281' title='bbox 442 4281 594 4353; x_wconf 87' lang='lat' dir='ltr'>Piscatore,</span> <span class='ocrx_word' id='word_1_282' title='bbox 608 4290 674 4358; x_wconf 89' lang='lat' dir='ltr'>post</span> <span class='ocrx_word' id='word_1_283' title='bbox 688 4302 746 4339; x_wconf 91' lang='lat' dir='ltr'>me-</span> <span class='ocrx_word' id='word_1_284' title='bbox 785 4285 851 4357; x_wconf 81' lang='grc' dir='ltr'>γῖδα.</span> <span class='ocrx_word' id='word_1_285' title='bbox 871 4282 912 4340; x_wconf 76' lang='lat' dir='ltr'>Cf.</span> <span class='ocrx_word' id='word_1_286' title='bbox 922 4283 1102 4361; x_wconf 79' lang='lat' dir='ltr'>Sclrocttgen.</span> <span class='ocrx_word' id='word_1_287' title='bbox 1116 4284 1186 4341; x_wconf 92' lang='lat' dir='ltr'>Her.</span> <span class='ocrx_word' id='word_1_288' title='bbox 1196 4284 1283 4341; x_wconf 89' lang='lat' dir='ltr'>chr.</span> 
     </span>
     <span class='ocr_line' id='line_1_36' title="bbox 248 4359 1282 4445; baseline -0.001 -22"><span class='ocrx_word' id='word_1_289' title='bbox 248 4367 348 4436; x_wconf 79' lang='lat' dir='ltr'>‹lium;</span> <span class='ocrx_word' id='word_1_290' title='bbox 369 4362 397 4445; x_wconf 66' lang='grc' dir='ltr'>[ξ</span> <span class='ocrx_word' id='word_1_291' title='bbox 413 4359 464 4442; x_wconf 83' lang='lat'>34]</span> <span class='ocrx_word' id='word_1_292' title='bbox 479 4362 747 4440; x_wconf 85' lang='lat' dir='ltr'>AnianoinEpie-</span> <span class='ocrx_word' id='word_1_293' title='bbox 786 4371 816 4422; x_wconf 91' lang='lat' dir='ltr'>et</span> <span class='ocrx_word' id='word_1_294' title='bbox 844 4364 971 4422; x_wconf 83' lang='lat' dir='ltr'>Talrnud.</span> <span class='ocrx_word' id='word_1_295' title='bbox 1007 4365 1035 4421; x_wconf 91' lang='lat' dir='ltr'>in</span> <span class='ocrx_word' id='word_1_296' title='bbox 1068 4366 1150 4423; x_wconf 88' lang='lat' dir='ltr'>Rom.</span> <span class='ocrx_word' id='word_1_297' title='bbox 1180 4366 1209 4422; x_wconf 85' lang='lat' dir='ltr'>iv</span> <span class='ocrx_word' id='word_1_298' title='bbox 1240 4384 1282 4422; x_wconf 91' lang='lat'>11.</span> 
     </span>
     <span class='ocr_line' id='line_1_37' title="bbox 249 4443 1286 4521; baseline -0.003 -15"><span class='ocrx_word' id='word_1_299' title='bbox 249 4455 318 4518; x_wconf 81' lang='lat' dir='ltr'>teto,</span> <span class='ocrx_word' id='word_1_300' title='bbox 333 4446 381 4504; x_wconf 88' lang='lat' dir='ltr'>lib.</span> <span class='ocrx_word' id='word_1_301' title='bbox 393 4444 423 4502; x_wconf 91' lang='lat' dir='ltr'>iii</span> <span class='ocrx_word' id='word_1_302' title='bbox 437 4464 460 4501; x_wconf 95' lang='lat' dir='ltr'>c.</span> <span class='ocrx_word' id='word_1_303' title='bbox 474 4462 510 4500; x_wconf 87' lang='lat'>22</span> <span class='ocrx_word' id='word_1_304' title='bbox 524 4464 531 4515; x_wconf 88' lang='lat'>;</span> <span class='ocrx_word' id='word_1_305' title='bbox 552 4444 646 4503; x_wconf 86' lang='lat' dir='ltr'>Dione</span> <span class='ocrx_word' id='word_1_306' title='bbox 657 4443 747 4521; x_wconf 84' lang='lat' dir='ltr'>Chry·</span> <span class='ocrx_word' id='word_1_307' title='bbox 789 4445 920 4517; x_wconf 84' lang='lat' dir='ltr'>Hermas,</span> <span class='ocrx_word' id='word_1_308' title='bbox 936 4446 1009 4504; x_wconf 81' lang='lat' dir='ltr'>Past.</span> <span class='ocrx_word' id='word_1_309' title='bbox 1024 4445 1075 4503; x_wconf 95' lang='grc' dir='ltr'>ΙΙΙ</span> <span class='ocrx_word' id='word_1_310' title='bbox 1089 4446 1120 4502; x_wconf 87' lang='lat' dir='ltr'>ix</span> <span class='ocrx_word' id='word_1_311' title='bbox 1136 4448 1179 4517; x_wconf 89' lang='lat'>16,</span> <span class='ocrx_word' id='word_1_312' title='bbox 1192 4446 1286 4503; x_wconf 84' lang='lat' dir='ltr'>‘Illud</span> 
     </span>
     <span class='ocr_line' id='line_1_38' title="bbox 250 4525 1286 4604; baseline -0.003 -17"><span class='ocrx_word' id='word_1_313' title='bbox 250 4538 385 4597; x_wconf 87' lang='lat' dir='ltr'>sostomo,</span> <span class='ocrx_word' id='word_1_314' title='bbox 413 4525 549 4583; x_wconf 82' lang='lat' dir='ltr'>Oratione</span> <span class='ocrx_word' id='word_1_315' title='bbox 578 4545 640 4599; x_wconf 83' lang='lat'>34:</span> <span class='ocrx_word' id='word_1_316' title='bbox 673 4526 749 4585; x_wconf 89' lang='lat' dir='ltr'>inter</span> <span class='ocrx_word' id='word_1_317' title='bbox 789 4532 907 4585; x_wconf 87' lang='lat' dir='ltr'>‘sutem</span> <span class='ocrx_word' id='word_1_318' title='bbox 934 4527 1059 4604; x_wconf 79' lang='lat' dir='ltr'>sigillum</span> <span class='ocrx_word' id='word_1_319' title='bbox 1083 4546 1157 4603; x_wconf 88' lang='lat' dir='ltr'>aqua</span> <span class='ocrx_word' id='word_1_320' title='bbox 1180 4536 1231 4598; x_wconf 87' lang='lat' dir='ltr'>est,</span> <span class='ocrx_word' id='word_1_321' title='bbox 1257 4527 1286 4584; x_wconf 90' lang='lat' dir='ltr'>in</span> 
     </span>
     <span class='ocr_line' id='line_1_39' title="bbox 251 4606 1288 4685; baseline -0.002 -17"><span class='ocrx_word' id='word_1_322' title='bbox 251 4609 429 4669; x_wconf 76' lang='lat' dir='ltr'>Christianos</span> <span class='ocrx_word' id='word_1_323' title='bbox 442 4608 478 4664; x_wconf 90' lang='lat' dir='ltr'>ab</span> <span class='ocrx_word' id='word_1_324' title='bbox 489 4606 621 4683; x_wconf 80' lang='lat' dir='ltr'>Origene,</span> <span class='ocrx_word' id='word_1_325' title='bbox 632 4607 718 4665; x_wconf 91' lang='lat' dir='ltr'>Hom.</span> <span class='ocrx_word' id='word_1_326' title='bbox 730 4628 747 4681; x_wconf 82' lang='lat'>3</span> <span class='ocrx_word' id='word_1_327' title='bbox 789 4613 898 4685; x_wconf 88' lang='lat' dir='ltr'>‘quam</span> <span class='ocrx_word' id='word_1_328' title='bbox 940 4607 1115 4666; x_wconf 88' lang='lat' dir='ltr'>descendunt</span> <span class='ocrx_word' id='word_1_329' title='bbox 1160 4608 1288 4666; x_wconf 80' lang='lat' dir='ltr'>hemines</span> 
     </span>
     <span class='ocr_line' id='line_1_40' title="bbox 251 4688 1288 4765; baseline -0.001 -16"><span class='ocrx_word' id='word_1_330' title='bbox 251 4692 280 4749; x_wconf 91' lang='lat' dir='ltr'>in</span> <span class='ocrx_word' id='word_1_331' title='bbox 294 4689 470 4757; x_wconf 83' lang='lat' dir='ltr'>Jeremiam;</span> <span class='ocrx_word' id='word_1_332' title='bbox 487 4688 656 4764; x_wconf 84' lang='lat' dir='ltr'>Epiphanio,</span> <span class='ocrx_word' id='word_1_333' title='bbox 673 4689 748 4748; x_wconf 91' lang='lat' dir='ltr'>Hae·</span> <span class='ocrx_word' id='word_1_334' title='bbox 789 4690 896 4748; x_wconf 89' lang='lat' dir='ltr'>‘morti</span> <span class='ocrx_word' id='word_1_335' title='bbox 912 4689 1038 4765; x_wconf 81' lang='lat' dir='ltr'>obligati,</span> <span class='ocrx_word' id='word_1_336' title='bbox 1053 4690 1208 4748; x_wconf 86' lang='lat' dir='ltr'>ascendunt</span> <span class='ocrx_word' id='word_1_337' title='bbox 1220 4710 1288 4748; x_wconf 88' lang='lat' dir='ltr'>vero</span> 
     </span>
     <span class='ocr_line' id='line_1_41' title="bbox 251 4767 1289 4849; baseline 0 -20"><span class='ocrx_word' id='word_1_338' title='bbox 251 4774 307 4831; x_wconf 86' lang='lat' dir='ltr'>resi</span> <span class='ocrx_word' id='word_1_339' title='bbox 322 4791 369 4847; x_wconf 89' lang='lat'>91,</span> <span class='ocrx_word' id='word_1_340' title='bbox 383 4791 442 4846; x_wconf 89' lang='lat' dir='ltr'>cap.</span> <span class='ocrx_word' id='word_1_341' title='bbox 458 4770 565 4845; x_wconf 86' lang='lat' dir='ltr'>penult.</span> <span class='ocrx_word' id='word_1_342' title='bbox 588 4767 674 4849; x_wconf 91' lang='lat' dir='ltr'>[Opp.</span> <span class='ocrx_word' id='word_1_343' title='bbox 690 4771 701 4828; x_wconf 95' lang='lat' dir='ltr'>i</span> <span class='ocrx_word' id='word_1_344' title='bbox 720 4792 746 4848; x_wconf 89' lang='lat' dir='ltr'>p.</span> <span class='ocrx_word' id='word_1_345' title='bbox 790 4771 887 4829; x_wconf 87' lang='lat' dir='ltr'>‘vitae</span> <span class='ocrx_word' id='word_1_346' title='bbox 901 4770 1055 4845; x_wconf 62' lang='lat' dir='ltr'>assignati?</span> <span class='ocrx_word' id='word_1_347' title='bbox 1071 4770 1107 4827; x_wconf 74' lang='lat' dir='ltr'>il».</span> <span class='ocrx_word' id='word_1_348' title='bbox 1125 4791 1171 4843; x_wconf 80' lang='lat'>31·</span> <span class='ocrx_word' id='word_1_349' title='bbox 1206 4772 1289 4829; x_wconf 80' lang='lat' dir='ltr'>Locis</span> 
     </span>
     <span class='ocr_line' id='line_1_42' title="bbox 253 4851 1285 4927; baseline -0.001 -16"><span class='ocrx_word' id='word_1_350' title='bbox 253 4870 308 4927; x_wconf 85' lang='lat'>5¹¹</span> <span class='ocrx_word' id='word_1_351' title='bbox 346 4853 389 4911; x_wconf 91' lang='lat' dir='ltr'>ed.</span> <span class='ocrx_word' id='word_1_352' title='bbox 420 4852 532 4923; x_wconf 70' lang='lat' dir='ltr'>Pena]</span> <span class='ocrx_word' id='word_1_353' title='bbox 564 4860 593 4909; x_wconf 85' lang='lat' dir='ltr'>et</span> <span class='ocrx_word' id='word_1_354' title='bbox 622 4853 748 4923; x_wconf 83' lang='lat' dir='ltr'>Sidonio,</span> <span class='ocrx_word' id='word_1_355' title='bbox 789 4874 807 4910; x_wconf 94' lang='lat' dir='ltr'>a</span> <span class='ocrx_word' id='word_1_356' title='bbox 822 4852 937 4909; x_wconf 74' lang='lat' dir='ltr'>Siricero</span> <span class='ocrx_word' id='word_1_357' title='bbox 952 4851 1083 4908; x_wconf 86' lang='lat' dir='ltr'>indicatis</span> <span class='ocrx_word' id='word_1_358' title='bbox 1096 4852 1183 4909; x_wconf 65' lang='lat' dir='ltr'>arlelas</span> <span class='ocrx_word' id='word_1_359' title='bbox 1198 4854 1285 4911; x_wconf 75' lang='lat' dir='ltr'>Clam.</span> 
     </span>
     <span class='ocr_line' id='line_1_43' title="bbox 252 4932 1288 5011; baseline -0.001 -18"><span class='ocrx_word' id='word_1_360' title='bbox 252 4937 300 4993; x_wconf 91' lang='lat' dir='ltr'>lib.</span> <span class='ocrx_word' id='word_1_361' title='bbox 312 4936 331 4993; x_wconf 91' lang='lat' dir='ltr'>ii</span> <span class='ocrx_word' id='word_1_362' title='bbox 347 4932 439 5011; x_wconf 87' lang='lat' dir='ltr'>Epist.</span> <span class='ocrx_word' id='word_1_363' title='bbox 458 4951 481 4989; x_wconf 89' lang='lat'>2.</span> <span class='ocrx_word' id='word_1_364' title='bbox 506 4932 605 5009; x_wconf 84' lang='lat' dir='ltr'>Cyprii</span> <span class='ocrx_word' id='word_1_365' title='bbox 617 4933 750 5010; x_wconf 82' lang='lat' dir='ltr'>Episcopi</span> <span class='ocrx_word' id='word_1_366' title='bbox 791 4933 873 4990; x_wconf 84' lang='lat' dir='ltr'>Alex.</span> <span class='ocrx_word' id='word_1_367' title='bbox 918 4933 990 5004; x_wconf 77' lang='lat' dir='ltr'>Quia</span> <span class='ocrx_word' id='word_1_368' title='bbox 1013 4932 1101 4990; x_wconf 68' lang='lat' dir='ltr'>Dia-cs</span> <span class='ocrx_word' id='word_1_369' title='bbox 1126 4934 1288 4992; x_wconf 53' lang='lat' dir='ltr'>statuetur?</span> 
     </span>
     <span class='ocr_line' id='line_1_44' title="bbox 252 5013 1290 5090; baseline -0.004 -14"><span class='ocrx_word' id='word_1_370' title='bbox 252 5018 330 5076; x_wconf 86' lang='lat' dir='ltr'>locus</span> <span class='ocrx_word' id='word_1_371' title='bbox 357 5034 422 5074; x_wconf 91' lang='lat' dir='ltr'>cum</span> <span class='ocrx_word' id='word_1_372' title='bbox 450 5014 572 5071; x_wconf 87' lang='lat' dir='ltr'>Romani</span> <span class='ocrx_word' id='word_1_373' title='bbox 606 5014 752 5073; x_wconf 86' lang='lat' dir='ltr'>Pontifieis</span> <span class='ocrx_word' id='word_1_374' title='bbox 792 5014 807 5089; x_wconf 59' lang='grc' dir='ltr'><strong>ᾗ</strong></span> <span class='ocrx_word' id='word_1_375' title='bbox 832 5033 878 5088; x_wconf 82' lang='lat'>39,</span> <span class='ocrx_word' id='word_1_376' title='bbox 899 5032 928 5090; x_wconf 88' lang='lat' dir='ltr'>p.</span> <span class='ocrx_word' id='word_1_377' title='bbox 951 5027 1005 5088; x_wconf 82' lang='lat'>957</span> <span class='ocrx_word' id='word_1_378' title='bbox 1030 5014 1072 5070; x_wconf 86' lang='lat' dir='ltr'>ed.</span> <span class='ocrx_word' id='word_1_379' title='bbox 1098 5013 1206 5074; x_wconf 90' lang='lat' dir='ltr'>Potter.</span> <span class='ocrx_word' id='word_1_380' title='bbox 1227 5020 1290 5086; x_wconf 81' lang='grc' dir='ltr'>μετὰ</span> 
     </span>
     <span class='ocr_line' id='line_1_45' title="bbox 252 5095 1289 5173; baseline -0.003 -15"><span class='ocrx_word' id='word_1_381' title='bbox 252 5100 335 5158; x_wconf 80' lang='lat' dir='ltr'>valde</span> <span class='ocrx_word' id='word_1_382' title='bbox 348 5095 480 5173; x_wconf 80' lang='lat' dir='ltr'>congruit</span> <span class='ocrx_word' id='word_1_383' title='bbox 493 5116 499 5151; x_wconf 93' lang='lat'><strong>:</strong></span> <span class='ocrx_word' id='word_1_384' title='bbox 513 5098 689 5169; x_wconf 79' lang='grc' dir='ltr'>παραφθείρας</span> <span class='ocrx_word' id='word_1_385' title='bbox 701 5099 751 5169; x_wconf 79' lang='grc' dir='ltr'>γὰρ</span> <span class='ocrx_word' id='word_1_386' title='bbox 790 5098 836 5166; x_wconf 77' lang='grc' dir='ltr'>τὴν</span> <span class='ocrx_word' id='word_1_387' title='bbox 844 5098 976 5168; x_wconf 78' lang='grc' dir='ltr'>σφραγῖδα</span> <span class='ocrx_word' id='word_1_388' title='bbox 987 5099 1026 5150; x_wconf 80' lang='grc' dir='ltr'>καὶ</span> <span class='ocrx_word' id='word_1_389' title='bbox 1039 5098 1084 5163; x_wconf 77' lang='grc' dir='ltr'>τὴν</span> <span class='ocrx_word' id='word_1_390' title='bbox 1093 5097 1228 5169; x_wconf 80' lang='grc' dir='ltr'>λύτρωσιν,</span> <span class='ocrx_word' id='word_1_391' title='bbox 1240 5097 1289 5155; x_wconf 86' lang='lat' dir='ltr'>ubl</span> 
     </span>
     <span class='ocr_line' id='line_1_46' title="bbox 253 5175 1288 5253; baseline -0.003 -16"><span class='ocrx_word' id='word_1_392' title='bbox 253 5184 337 5253; x_wconf 78' lang='grc' dir='ltr'>ἀγῶνα</span> <span class='ocrx_word' id='word_1_393' title='bbox 360 5186 374 5235; x_wconf 81' lang='grc' dir='ltr'>ὀ</span> <span class='ocrx_word' id='word_1_394' title='bbox 398 5176 514 5247; x_wconf 71' lang='grc' dir='ltr'>ἀθλητής,</span> <span class='ocrx_word' id='word_1_395' title='bbox 537 5178 685 5249; x_wconf 80' lang='grc' dir='ltr'>μαστιχθεὶε</span> <span class='ocrx_word' id='word_1_396' title='bbox 713 5180 750 5233; x_wconf 70' lang='lat' dir='ltr'>ix·</span> <span class='ocrx_word' id='word_1_397' title='bbox 792 5176 972 5253; x_wconf 89' lang='lat' dir='ltr'>Baptismum</span> <span class='ocrx_word' id='word_1_398' title='bbox 993 5175 1154 5253; x_wconf 56' lang='lat' dir='ltr'>significum</span> <span class='ocrx_word' id='word_1_399' title='bbox 1184 5178 1288 5237; x_wconf 86' lang='lat' dir='ltr'>Strom.</span> 
     </span>
    </p>
   </div>
   <div class='ocr_carea' id='block_1_5' title="bbox 0 0 1649 6612">
    <p class='ocr_par' dir='ltr' id='par_1_9' title="bbox 0 0 1649 6612">
     <span class='ocr_line' id='line_1_47' title="bbox 0 0 1649 6612; baseline 0 0"><span class='ocrx_word' id='word_1_400' title='bbox 0 0 1649 6612; x_wconf 95' lang='lat' dir='ltr'> </span> 
     </span>
    </p>
   </div>
  </div>
 </body>
</html>
