3250 6617
323 1124 366 1188 94
683 1114 831 1177 INDEX
854 1109 1114 1175 VERBORUM

330 1280 534 1353 Παραδέχεσθαι.
577 1281 613 1335 εἶς
631 1282 661 1332 τὸ
683 1281 717 1347 μὴ
736 1279 880 1349 παραδάξα·
921 1279 1096 1348 Παράκλητος.
1140 1273 1212 1343 ἢτὶς
1234 1272 1306 1341 ἡμῶν
1320 1274 1476 1344 παράκλητος

371 1363 433 1416 σθαι
446 1364 478 1414 τὰ
492 1364 655 1431 σπειρόμενα.
681 1358 743 1434 lgn.
760 1357 834 1433 Eph.
853 1375 878 1430 9.
961 1359 1053 1418 ἕσταις
1076 1352 1166 1411 Clem.
1184 1352 1264 1410 116.

372 1443 415 1498 οδς
429 1444 459 1494 οὐ
479 1444 556 1510 μόνον
576 1442 615 1493 δεῖ
635 1442 698 1509 ύμᾶς
717 1442 751 1509 μὴ
771 1437 881 1510 παραδὶ-
923 1436 1091 1507 Παρακούειν.
1134 1437 1177 1489 καὶ
1190 1436 1227 1504 μὴ
1241 1434 1397 1506 παρακούειν
1406 1435 1475 1486 αὐτοῦ

372 1523 473 1593 χεσθαι.
498 1520 611 1595 Smyrn.
629 1540 656 1589 4.
965 1523 1015 1571 τῶν
1039 1519 1158 1571 ἐντολῶν.
1191 1513 1288 1571 Clem.
1312 1513 1347 1569 11
1372 1532 1398 1586 3.
1437 1516 1476 1567 ε’δν

332 1604 508 1673 Παραδιδόναι.
545 1607 589 1655 τὸν
613 1601 642 1668 ἐξ
666 1601 747 1671 ἀρχῆς
770 1600 882 1671 παραδε-
964 1597 1168 1668 πορακούσωμεν
1180 1601 1232 1650 τῶν
1246 1597 1368 1650 ἐντολῶν.
1386 1595 1413 1649 6.

374 1684 479 1745 δομένον
503 1682 561 1749 ἡμῖν
581 1684 626 1750 τῆς
652 1680 749 1753 εἷρὴνης
777 1684 884 1734 σκάπον.
925 1680 1146 1749 Παμαλαμβάνειν.
1191 1679 1223 1730 τό
1238 1677 1267 1730 δὲ
1281 1677 1342 1731 ἔθος
1355 1676 1474 1729 δποῖονδν

376 1761 465 1818 Clem.
494 1763 569 1833 119.
611 1764 656 1830 τῆς
682 1761 885 1832 παραδεδομένης
965 1758 1134 1829 παραλπφθῇ.
1172 1754 1266 1812 Clem.
1301 1755 1418 1831 Fragm.
1440 1754 1471 1811 vi.

375 1843 434 1911 ἡμῖν
448 1846 530 1897 καλῶς
550 1844 590 1896 καὶ
611 1844 711 1897 δικαίως
729 1842 882 1911 ὁμοφωνίας.
966 1838 1083 1893 σύνοικον
1103 1840 1150 1907 τὴν
1165 1840 1293 1909 ἁμαρτίαν
1305 1839 1471 1907 παρειληφότα

377 1936 423 1994 51.
467 1922 614 1993 παρέδωκαν
630 1923 734 1977 εἀυτούς
751 1923 787 1978 εἷς
808 1921 883 1974 θάνα-
966 1918 1003 1973 ib.

375 2026 426 2057 τον.
450 2015 496 2073 55.
539 2003 654 2058 πολλοὺς
676 2004 703 2055 ἐν
724 2002 782 2070 ἡμῖν
803 2024 885 2072 παρα·
927 1998 1158 2070 Παραλογίζεσθαι.
1200 1998 1247 2051 τδν
1270 1998 1381 2069 ἀόρατον
1402 2020 1471 2067 παρα-

376 2084 515 2137 δεδωκότας
538 2083 643 2138 ἕαυτοδς
665 2084 700 2138 εἶς
722 2084 813 2150 δεσμά.
845 2080 884 2136 ib.
965 2081 1102 2151 λογίζεται.
1125 2076 1311 2152 1311113811
1330 2096 1359 2150 3.

375 2165 470 2217 πολλοὶ
490 2164 595 2218 εἀοτούς
613 2163 760 2233 παρέδωκαν
772 2162 808 2218 εἶς
825 2163 883 2215 δου-
925 2162 1106 2231 Παραμείβειν.
1147 2161 1320 2229 παραμείβων
1342 2157 1434 2226 νήσους
1451 2179 1474 2231 τεΙ

376 2244 453 2296 λείαν.
475 2241 514 2298 11).
557 2244 709 2311 παραδοῦσα
729 2241 775 2296 οὖν
796 2244 886 2310 εἀυτὴν
967 2243 1116 2295 κα1πόλεις.
1140 2236 1231 2293 Mart.
1249 2237 1316 2313 Ign.
1335 2253 1363 2309 5.

377 2328 413 2396 τῷ
428 2322 540 2396 κινδύνῳ.
563 2320 600 2378 ib.
636 2324 780 2393 παρέδωκεν
794 2322 887 2393 Κύριος
928 2321 1089 2391 Παραμένειν.
1135 2321 1167 2372 τὰ
1195 2319 1305 2373 δοθέντα
1332 2318 1473 2390 παραμένειν

377 2401 543 2473 Ὀλοφέρνην.
568 2401 607 2457 ib.
650 2404 692 2457 ε’πὶ
705 2406 750 2457 τόν
764 2403 793 2470 ἐξ
806 2403 887 2473 ἀρχῆς
967 2404 1020 2457 τοῖς
1033 2401 1185 2472 άγνῶμοσιν.
1210 2397 1306 2455 Clem.
1322 2397 1437 2472 Fragm.
1450 2415 1471 2451 v.

377 2484 435 2551 ἡμῖν
461 2484 635 2553 παραδοθέντα
662 2487 747 2555 λόγον.
789 2481 884 2557 Polyc.
967 2485 1072 2552 εὔχομαι
1093 2483 1245 2551 παραμεῖναι
1267 2482 1347 2534 αότδν
1360 2481 1396 2535 εἷς
1410 2480 1472 2547 τιμὴν

379 2561 453 2618 Phil.
476 2575 501 2634 7.
545 2563 636 2632 θηρσὶν
656 2563 753 2635 ἀγρίοις
773 2565 884 2633 παραδο·
967 2562 1044 2630 ὑμῶν.
1069 2559 1133 2635 lgn.
1150 2557 1225 2634 Eph.
1245 2578 1274 2617 2.
1327 2562 1413 2614 ἔτεσιν
1425 2559 1471 2612 ὀλί-

379 2645 438 2699 θείς.
462 2642 547 2699 Μ1111.
575 2643 638 2717 Ign.
664 2656 692 2713 5.
743 2646 888 2715 περιέμενεν
967 2663 1022 2712 γοις
1048 2642 1086 2695 ἔτι
1113 2642 1266 2710 παραμένων
1293 2644 1324 2709 τῇ
1351 2641 1470 2707 ἐκκλησίᾳ

378 2726 428 2795 γὰρ
455 2723 495 2779 ἶνα
528 2726 670 2794 παραδοθῇ.
713 2722 798 2779 Mart.
831 2723 885 2779 Po·
969 2720 1058 2778 Mart.
1081 2720 1145 2795 lgn.
1166 2738 1190 2775 1.

379 2802 432 2878 lyc.
454 2822 478 2859 1.
927 2805 1085 2873 Παράρονος.
1128 2798 1191 2856 εἶναι
1205 2802 1247 2855 διδ
1263 2804 1368 2862 παντὸς,
1383 2801 1418 2856 εἶς
1436 2802 1471 2853 δό·

340 2884 496 2955 Ποράδοξος.
516 2884 625 2951 Ἰδωμεν
638 2887 668 2938 τό
681 2885 827 2956 παράδοξον
841 2908 887 2954 ση-
968 2884 1015 2952 ξαν
1034 2884 1186 2952 παράμονον.
1211 2879 1279 2956 Igu.
1296 2879 1372 2955 Eph.
1389 2879 1471 2935 Inscr.

378 2969 456 3033 μεῖον.
473 2963 562 3020 Clem.
581 2963 658 3035 125.
967 2966 1034 3034 χαρὰ
1055 2964 1151 3018 αι’ὠνιος
1174 2964 1215 3016 καὶ
1233 2964 1391 3034 παράμονος.
1413 2958 1471 3015 Phi·

339 3046 556 3116 Παραθαλάττιος.
592 3046 619 3098 ε’ν
632 3049 685 3101 τοῖς
698 3046 886 3116 παραθαλαττί-
968 3043 1025 3100 lad.
1041 3041 1130 3098 Inscr.

381 3148 418 3181 οις
433 3128 490 3193 νηός
505 3127 636 3196 ε’πιτοχὼν.
661 3124 747 3181 Mart.
763 3123 827 3199 Igu.
845 3139 872 3197 5.
927 3128 1094 3196 Παρονομεῖν.
1130 3123 1192 3176 κατὰ
1209 3123 1269 3178 τοὺς
1283 3125 1388 3179 κανόνας
1401 3123 1471 3190 ἡμῶν,

341 3209 482 3275 Παραινεὶν.
525 3212 638 3275 παραινῶ
659 3208 685 3259 ἐν
698 3208 800 3275 ὁμονοίᾳ
821 3210 887 3260 Θεοῦ
968 3199 1471 3278 τδνπαρονομοῦνταῦΙθιηῆἳἯαη.

381 3287 546 3353 σπουδάζετε.
563 3285 625 3360 Igu.
640 3284 739 3360 Magn.
756 3286 782 3340 6.
804 3292 888 3341 Ταῦτα
927 3288 1084 3356 Παράνομος.
1127 3283 1308 3350 ε’λιθάσθγσαν
1324 3285 1375 3338 ύπδ
1398 3305 1471 3353 παρα-

381 3367 408 3419 δι“
421 3371 534 3437 παραινῶ
550 3368 614 3434 ὑμῖν.
632 3366 745 3440 Smym.
762 3386 788 3436 4.
968 3370 1056 3434 νόμων.
1072 3362 1164 3420 Clem.
1181 3361 1197 3417 I
1213 3375 1262 3433 45.

340 3448 499 3517 Παραίνεσις.
543 3446 597 3514 μετ’
615 3448 691 3517 εόχῆς
713 3449 753 3500 καὶ
770 3448 888 3518 παραινέ-
929 3450 1085 3518 Παραπλεῖν.
1140 3443 1208 3499 οὕτω
1231 3443 1368 3514 παράπλει.
1391 3442 1472 3498 Mart.

381 3549 454 3582 σεως.
473 3526 557 3581 Mam
575 3526 682 3600 Ig11.4.
970 3527 1032 3600 Igu.
1050 3539 1075 3596 5.

340 3608 570 3677 Παρακαθέζεσθαι.
604 3608 704 3661 ἔπειθον
716 3608 885 3678 παρακαθεζό·
929 3607 1140 3679 Παραποιεῐσθαι.
1171 3606 1244 3659 οὐδὲν
1258 3605 1345 3657 άδικον
1359 3606 1417 3658 οὐδὲ
1430 3628 1473 3659 πο.

379 3710 456 3756 μενοι.
481 3685 567 3741 Mart.
584 3685 679 3761 Polyc.
696 3690 722 3743 8.
968 3686 1167 3759 ροπεποιημίνον
1180 3688 1323 3757 γέγραπται
1345 3687 1373 3739 ἐν
1386 3688 1472 3741 αι’παίς.

339 3771 508 3833 Παρακαλεῖν.
558 3769 708 3836 προέλαβον
734 3771 888 3838 παρακαλεῖν
969 3766 1156 3837 (1111111145.

381 3849 452 3912 ὑμᾶς,
478 3847 538 3920 14411,
565 3847 636 3921 Eph.
661 3866 686 3919 3.
745 3852 888 3918 Παρακαλῶ
928 3852 1098 3919 Παράπτωμα.
1143 3848 1185 3901 ε’πὶ
1209 3850 1263 3902 τοῖς
1291 3850 1474 3918 παραπτώματι

379 3927 425 3980 οὖν
451 3929 520 3995 ὑμᾶς.
552 3926 639 3982 Trall.
665 3929 690 3983 6.
743 3932 888 3999 Παρακαλεῖ
968 3933 1021 3986 τοῖς
1038 3926 1157 3997 πλησίον.
1183 3925 1274 3981 Clem.
1294 3925 1303 3979 1
1324 3945 1350 3981 2.
1396 3930 1476 3979 Καλὸν

380 4009 443 4075 ὑμᾶς
467 4011 498 4061 τὸ
522 4010 604 4076 δεσμά
626 4032 683 4075 μου.
712 4026 755 4063 12.
799 4019 886 4079 Παρα-
973 4013 1022 4081 γὰρ
1043 4010 1166 4081 ἀνθρώπῳ
1187 4008 1404 4077 ἐξομολογεῖσθαι
1421 4008 1475 4075 περὶ

380 4091 448 4140 καλῶ
471 4090 542 4157 ὑμᾶς,
565 4090 598 4156 μὴ
619 4093 702 4142 εὔνοια
722 4091 824 4159 ἄκαιρος
843 4091 884 4160 γε’-
969 4097 1019 4145 τῶν
1031 4090 1247 4161 παραπτωμάτων.
1276 4099 1325 4155 51.
1369 4086 1473 4156 ἐντύχω·

380 4169 459 4236 νηαθέ
471 4192 521 4236 μοι.
548 4168 630 4223 Rom.
652 4189 679 4237 4.
721 4169 777 4239 μηδ’
792 4171 823 4222 ἂν
836 4171 887 4241 ε’γὼ
969 4195 1015 4240 μεν
1030 4172 1088 4238 περὶ
1109 4175 1159 4222 τῶν
1178 4170 1205 4220 ἔν
1225 4190 1273 4220 τινι
1294 4172 1474 4237 παραπτώματι

379 4251 467 4318 παρὼν
486 4253 623 4319 παρακαλῶ
645 4251 715 4316 ὑμᾶς.
734 4262 761 4320 7.
804 4273 885 4321 παρα·
969 4254 1139 4322 ὑπαρχόντων.
1158 4247 1205 4316 56.

380 4334 449 4382 καλῶ
474 4331 501 4383 δι’
527 4331 590 4397 ὑμᾶς
613 4332 690 4396 μηδὲν
707 4330 758 4383 κατ’
781 4331 889 4401 ἐριθείαν
929 4330 1088 4402 Παρασκευὴ.
1132 4334 1163 4397 τῇ
1188 4332 1347 4398 παρασκευῇ,
1377 4329 1474 4381 δείπνου

379 4411 514 4479 πράσσειν.
540 4408 648 4464 Philad.
674 4412 699 4464 8.
744 4414 887 4475 Παρακαλῶ
970 4415 1032 4483 ὥρᾳ.
1054 4407 1296 4481 11111.Ρο1)’0.7.

380 4512 412 4544 σε
435 4490 461 4542 ἐν
482 4492 574 4560 χάριτι.
604 4489 698 4563 Polyc.
727 4508 749 4544 1.
793 4494 887 4546 πάντας
928 4493 1103 4564 Παρατιθέναι.
1146 4492 1180 4557 μὴ
1203 4490 1300 4556 νηπίοις
1325 4487 1401 4541 οὖσιν
1423 4489 1475 4554 ύμῖν

380 4573 541 4639 παρακαλεῖν,
555 4570 596 4624 ἰ’να
612 4574 749 4637 σώζωνται.
772 4569 811 4626 ib.
855 4571 886 4624 δι’
968 4574 1071 4639 βλάβην
1096 4571 1209 4641 παραθῶ.
1247 4568 1311 4642 Igu.
1338 4566 1425 4623 Trall.
1448 4581 1471 4635 5.

380 4651 475 4721 ὀλίγων
504 4651 566 4718 ὑμᾶς
592 4654 746 4721 γραμμάτων
775 4654 886 4722 παρεκά-
969 4652 1138 4723 παραθέμενος
1158 4652 1222 4717 μετὰ
1239 4648 1356 4719 δακρύων
1369 4654 1406 4721 τῷ
1428 4656 1472 4700 Κυ-

380 4733 454 4784 λεσα
481 4742 508 4800 7.
551 4733 696 4800 Παρακαλῶ
723 4730 768 4784 οὖν
794 4734 889 4787 πάντας
969 4728 1249 4806 ρι’ῳ.111111.1ἕ11.2.
1294 4728 1473 4783 ε’κέλευσεπα·

381 4811 444 4877 ὑμᾶς
464 4811 617 4882 πειθαρχεῖν.
642 4810 736 4884 Polyc.
762 4810 833 4866 Phil.
862 4830 887 4884 9.
969 4814 1101 4884 ρατεθῆναι
1113 4813 1213 4881 φαγεῖν.
1231 4808 1318 4864 Mart.
1331 4808 1464 4882 Polyc.7.

380 4893 516 4960 παρεκάλει
531 4892 667 4945 συνοθλεῖν
681 4897 711 4959 τῇ
727 4894 803 4945 αὐτοῦ
824 4915 886 4961 προ-
927 4896 1003 4964 Παρὰ
1012 4898 1095 4961 τοῦτο,
1105 4890 1177 4953 ideo,
1186 4889 1302 4945 idcirco.
1315 4887 1380 4965 Igu.
1392 4886 1472 4944 Tmll.

380 4970 458 5023 θέσει.
482 4969 567 5026 Mart.
592 4971 653 5045 Igu.
675 4989 699 5042 3.
742 4973 885 5043 παρακαλέ·
971 4987 997 5044 5,
1021 4973 1102 5029 Rom.
1120 4985 1145 5041 5.

379 5072 427 5103 σας
441 5053 485 5102 τὸν
498 5055 557 5104 Υἱὸν
571 5057 616 5105 τοῦ
631 5057 706 5106 θεοῦ.
735 5053 760 5106 6.
803 5076 885 5124 παρα·
929 5055 993 5126 ΠαρΙ
1005 5056 1075 5116 αὐτά,
1090 5050 1196 5112 statim.
1212 5049 1298 5106 illico.
1316 5049 1380 5126 Igu.
1391 5048 1472 5105 Tmll.

379 5129 530 5185 καλέσαντες
544 5133 588 5184 τὸν
603 5131 703 5202 Κύριον.
721 5145 746 5203 7.
972 5153 1015 5203 11,
1038 5133 1123 5190 Mart.
1141 5133 1166 5187 6.

339 5209 530 5278 Παρακελεύειν,
565 5216 696 5280 συντόμως
709 5214 884 5284 παρεκέλευσα
926 5217 1076 5287 Παραφυάς.
1119 5213 1228 5285 Φεύγετε
1257 5211 1304 5265 οὖν
1332 5214 1377 5268 τὰς
1405 5213 1476 5265 κακὰς

379 5290 448 5356 ὑμᾶς.
466 5287 529 5362 Igu.
547 5288 644 5365 Magn.
665 5309 707 5362 14.
967 5296 1142 5366 παραφυάδας.
1160 5292 1225 5369 Ign.
1243 5290 1329 5348 Trall.
1352 5310 1396 5347 11.
