3250 6617
541 1056 647 1119 VITA
671 1056 725 1119 ΕΤ
747 1056 955 1120 SCRIP'I'lS.
1216 1055 1280 1117 xrii

242 1229 371 1306 duutque
388 1247 453 1286 eum
471 1227 524 1285 sub
537 1227 659 1305 Trajano
679 1228 756 1305 apud
770 1228 978 1288 Chersonesum
998 1228 1164 1305 relegatum,
1178 1247 1281 1285 ancora

242 1327 278 1385 ad
293 1327 397 1385 collum
414 1324 539 1402 alligata,
554 1325 583 1383 in
604 1345 682 1384 mare
703 1326 864 1384 demersum
885 1327 980 1385 scrisse.
1023 1326 1093 1402 Ejus
1113 1326 1281 1384 memoriam

242 1425 387 1483 celebrant
400 1423 607 1500 hlartyrologia
620 1424 646 1481 d.
662 1444 677 1481 2
681 1445 698 1498 3
714 1425 906 1496 Novembris3
926 1423 1121 1499 Menolog'um
1135 1444 1152 1481 a
1167 1423 1282 1482 Canisio

242 1521 272 1579 in
294 1521 420 1598 antiquis
442 1520 610 1579 lectionibus
634 1521 744 1581 editum
763 1521 790 1578 d.
809 1541 847 1592 24
868 1520 1041 1579 Novembris
1053 1541 1061 1592 ;
1086 1521 1281 1596 hlenologiuur

242 1621 279 1679 ab
292 1618 418 1697 Ughello
439 1618 469 1676 in
493 1618 577 1678 Italia
598 1618 684 1677 Sacra
705 1619 814 1678 editum
833 1619 860 1676 d.
879 1635 915 1691 25
931 1617 1111 1682 Novembris,
1125 1619 1174 1677 ubi
1195 1620 1281 1677 reler-

242 1728 299 1788 tur,
318 1717 496 1776 Clementem
516 1716 545 1773 in
564 1715 710 1794 Ancyram
730 1716 858 1775 Galatiae
878 1717 979 1774 urbem
999 1716 1165 1793 relegatum,
1186 1717 1282 1794 ibique

239 1817 328 1894 janua
348 1814 490 1892 lapidibus
511 1815 658 1877 obstructa
677 1813 780 1892 parieti
800 1812 950 1878 inclusum,
965 1821 995 1872 et
1013 1813 1204 1891 leguminibus
1221 1837 1282 1874 sns-

243 1921 395 1987 teutatum,
409 1915 499 1972 donec
520 1913 551 1972 in
573 1914 626 1972 hoe
647 1913 777 1990 squalore
791 1912 865 1970 vivis
883 1913 1040 1972 excederet.
1082 1911 1122 1971 At
1137 1913 1155 1970 J
1159 1914 1283 1972 ohannes

244 2015 411 2073 Pearsonius
431 2015 462 2072 in
484 2015 627 2092 Operibus
647 2014 706 2072 suis
729 2013 898 2091 posthumis,
917 2020 947 2072 et
966 2012 1130 2070 Dodwellus
1152 2013 1181 2070 in
1204 2014 1284 2072 addi·

244 2113 370 2171 tionibus
388 2113 447 2171 suis
464 2133 562 2172 omues
576 2113 612 2171 cle
625 2112 781 2172 Clementis
799 2110 938 2187 martyrio
954 2110 1130 2169 narrationes
1143 2111 1284 2169 fabulosas

244 2230 304 2269 esse
317 2210 503 2282 existimant,
524 2230 613 2287 (quum
627 2218 745 2282 veteres,
759 2209 809 2287 qui
827 2209 923 2286 aliqua
941 2229 976 2267 ex
991 2208 1138 2267 Clemente
1152 2209 1282 2268 testima-

244 2309 292 2367 nia
315 2309 468 2375 adducunt,
491 2329 631 2385 nusquam
655 2328 721 2366 eum
745 2316 901 2384 martyrem
925 2307 1077 2384 appellent,
1100 2308 1284 2386 omniumque

244 2407 331 2484 primi
347 2407 468 2464 Rufinus
487 2414 517 2466 et
531 2406 688 2483 Gregorius
706 2405 879 2463 Turonensis
899 2412 1054 2481 martyrem
1073 2425 1139 2463 eum
1159 2407 1284 2480 laciant3

244 2525 296 2564 nec
313 2505 383 2563 levis
401 2505 440 2564 sit
458 2505 589 2582 suspicio,
604 2525 661 2563 non
680 2504 774 2562 minus
791 2503 896 2560 famam
910 2503 945 2560 de
959 2502 1114 2580 splendidis
1128 2505 1285 2568 Clementis

244 2603 395 2675 natalibus,
409 2623 496 2680 quam
510 2603 695 2661 traditionem
715 2603 751 2660 de
772 2603 833 2680 ejus
854 2602 992 2678 martyrio
1013 2602 1079 2659 inde
1100 2611 1194 2661 natam
1215 2626 1284 2680 esse,

245 2701 321 2778 quod
342 2699 389 2758 hic
408 2700 538 2758 Clemens
557 2720 622 2759 cum
643 2699 798 2771 Clemente,
813 2699 1001 2776 Imperatoris
1015 2700 1172 2759 Domitiani
1186 2723 1285 2764 conso-

244 2798 336 2870 brino,
351 2799 484 2856 confusus
496 2798 590 2856 fuerit.
615 2797 803 2856 ITTIGIUS.
844 2798 917 2855 Cum
933 2797 1111 2874 Hieronymo
1125 2808 1182 2858 stat
1197 2801 1283 2860 Eusc-

245 2897 317 2965 bius‚
329 2897 453 2969 tradens,
465 2897 502 2955 H.
513 2897 547 2955 E.
559 2897 590 2954 iii
601 2918 647 2971 34,
660 2896 838 2955 Clementem
853 2903 971 2954 naturae
985 2896 1159 2956 satisfecisse.
1183 2902 1286 2973 Κλήμης

246 2996 383 3072 Εὖαρόστφ
395 2997 524 3069 παραδοὺς
537 2997 582 3065 τὴν
594 2999 762 3070 λειτουργίαν,
777 2995 880 3050 ἀναλύει
893 2999 938 3050 τὸν
949 2997 1017 3060 βίον.

286 3106 302 3136 ¹¹
322 3114 412 3169 usqam
430 3090 524 3173 leodic]
551 3093 615 3165 Quo
633 3101 762 3169 tompore
782 3093 977 3169 Hieronymus
996 3093 1071 3152 hunc
1091 3095 1196 3152 librum
1217 3097 1287 3154 erni-

245 3193 322 3265 serit,
343 3192 436 3269 eapite
458 3193 561 3251 ultimo
583 3193 619 3250 dc
641 3212 670 3250 se
693 3192 811 3268 loquens
833 3200 923 3262 notat,
944 3191 988 3249 his
1010 3193 1111 3257 vorbis,
1127 3206 1234 3271 ‘unque
1257 3195 1286 3252 iu

247 3297 447 3369 ‘praesentem
468 3311 584 3354 annum.
601 3290 629 3347 id
649 3298 692 3348 est
706 3289 858 3349 Theodosii
880 3289 1018 3368 Principis
1038 3290 1180 3349 decimum
1201 3313 1286 3369 quar·

247 3393 331 3448 ‘tum
345 3388 414 3448 haec
428 3389 546 3466 scripsi.'
587 3389 762 3447 Concurrere
782 3389 863 3446 illum
883 3409 947 3447 cum
966 3410 1041 3447 anno
1055 3410 1072 3446 a
1086 3389 1200 3449 Christo
1220 3402 1289 3450 nato

248 3504 305 3559 392
321 3505 378 3543 non
393 3485 500 3561 estqui
514 3483 644 3556 dubitet;
666 3483 763 3540 malim
778 3502 846 3542 vero
861 3484 921 3559 ejus
940 3483 1007 3540 anui
1020 3484 1207 3560 posteriorem
1223 3506 1287 3563 par·

247 3593 306 3642 tem
321 3583 453 3661 intelligi,
467 3593 501 3641 ut
515 3590 627 3641 caetera
641 3582 746 3640 rectius
760 3590 905 3658 apte-ntur.
923 3581 1186 3640 VALLARSIUS.

287 3689 302 3717 ⁰
322 3682 430 3739 Rama
457 3691 599 3739 aestruere
626 3675 763 3758 Ecclesia]
793 3680 853 3737 Sub
878 3679 1004 3737 Ecclesia
1029 3679 1056 3738 S.
1080 3680 1236 3740 Clementis
1259 3682 1290 3739 in

247 3779 374 3837 convalle
393 3780 469 3839 inter
491 3778 671 3855 Esquilinum
693 3777 878 3854 Coeliumquo
899 3776 1009 3847 collem,
1032 3778 1112 3854 eujus
1133 3779 1290 3855 antiquitas

248 3877 276 3934 in
295 3878 438 3936 sacculum
452 3878 574 3935 xiimum
591 3877 722 3934 recedere
736 3876 834 3940 fertur,
851 3874 970 3933 Basilica
990 3876 1133 3952 primaeva
1154 3877 1184 3934 in
1205 3877 1290 3954 hujus

250 3975 342 4033 Patris
353 3976 510 4054 Apostolici
525 3976 692 4034 memoriam
706 3983 852 4032 exstructa
866 3993 957 4050 nuper
967 3973 1122 4031 exhumata
1132 3982 1182 4031 est.
1206 3975 1292 4030 Anno

253 4078 337 4147 1857,
351 4075 396 4131 vir
416 4075 587 4133 reverendus
604 4074 747 4150 Josephus
768 4071 915 4146 Mullooly‚
935 4071 1072 4129 Cocuobii
1094 4071 1180 4129 ricini
1202 4071 1291 4143 Prior,

248 4183 326 4228 certa
344 4171 510 4248 explorandi
529 4170 633 4228 indicia
651 4178 826 4241 consecutus,
846 4190 982 4228 excavare
1003 4169 1292 4238 instituit‚ct,te1mt,

249 4289 300 4345 per
320 4270 460 4327 lossomm
483 4290 583 4327 tatanus
601 4269 735 4335 assiduas,
755 4287 843 4345 usquc
863 4266 900 4324 ad
925 4269 962 4340 38
984 4267 1089 4343 pedum
1110 4267 1293 4325 altitudinem

249 4373 353 4442 egesta,
376 4366 493 4426 taudem
519 4366 629 4424 detexit
650 4367 795 4425 columnas
819 4367 914 4443 plures
939 4364 1129 4441 perpulchras,
1152 4374 1238 4440 utrque
1262 4365 1292 4421 iu

249 4466 406 4542 parictibus
425 4466 562 4543 imagines
581 4466 723 4525 coloribus
741 4484 897 4544 expressus,
912 4471 1079 4522 ornamenta
1095 4462 1237 4520 Ecclesiae
1257 4463 1292 4519 ab

251 4563 429 4640 Hieronymo
444 4574 689 4624 couunemomtae.
