3250 6617
348 1062 413 1124 288
713 1056 745 1119 S.
762 1055 1020 1121 anMnnnls

182 1264 328 1342 mannus
348 1262 481 1313 σαντος
514 1229 620 1328 ἡμεῖς,
653 1230 711 1307 καὶ
746 1226 796 1326 μὴ
831 1232 1049 1334 φοβηθῶμεν
1075 1223 1229 1330 ἐξελθεῖν
1257 1228 1295 1304 ἐκ
1327 1233 1391 1304 τοῦ

183 1329 337 1445 {iiim
349 1355 487 1456 κόσμου
513 1353 652 1435 τούτου.
712 1354 815 1456 Λέγει
834 1353 942 1458 γάρό
966 1353 1106 1457 Κύριος,
1125 1351 1315 1433 “”Εσεσθε
1343 1355 1392 1437 ὡς

181 1461 332 1576 {mim
349 1495 371 1532 “
387 1483 491 1587 ἀρνία
522 1486 558 1562 ἐν
583 1483 684 1590 με’σερ
711 1481 841 1562 λύκων.
904 1482 1126 1585 Ἀποκριθεὶς
1148 1481 1186 1560 δὲ
1208 1484 1228 1560 ὁ
1254 1480 1392 1584 Πέτρος·
1484 1533 1486 1537 ·

350 1621 372 1657 “
390 1611 485 1715 αύτῷ
511 1608 620 1710 λε’γει,
640 1608 730 1690 Ἐἀν
752 1609 814 1689 οὖν
836 1605 1135 1713 διασπαράξασιν
1160 1612 1192 1687 οἱ
1217 1605 1319 1686 λύκοι
1345 1605 1392 1686 τά

350 1751 370 1786 “
390 1737 518 1842 ἀρνία;
551 1734 660 1817 Εἶπεν
690 1740 710 1817 ὁ
743 1743 885 1837 Ἰησοῦς
913 1740 964 1844 τῷ
994 1736 1134 1843 Πέτρῳ,
1168 1732 1234 1834 Μὴ
1266 1735 1424 1842 φοβεῖ-5

350 1878 372 1914 “
389 1872 543 1946 σθωσαν
559 1864 605 1944 τὰ
629 1864 732 1970 ἀρνία
756 1862 839 1950 τοὺς
865 1865 995 1949 λύκους
1021 1863 1111 1964 μετὰ
1134 1861 1177 1943 τὸ
1204 1866 1393 1943 ἀποθανεῖν

351 2005 371 2040 “
389 1990 492 2072 azimi·
522 1995 580 2072 καὶ
608 1996 702 2091 ὑμεῖς
730 1989 780 2091 μὴ
813 1998 984 2097 φοβεῖσθε
1015 1989 1098 2076 τοὺς
1123 1991 1393 2075 ἀποκτείνοντας

350 2134 371 2169 (ί
399 2125 409 2147 ἲ
444 2128 460 2146 Α
567 2123 579 2151 ἱ
695 2123 704 2148 λ
771 2124 780 2146 0
811 2127 827 2142 Α
1003 2119 1014 2147 Ι
1205 2127 1221 2142 Α
1241 2149 1249 2165 ·
1303 2121 1312 2144 θ
1378 2118 1388 2147 λ

391 2156 492 2220 υμας,
523 2156 581 2200 και
617 2126 725 2220 μηδεν
763 2156 845 2219 υμιν
879 2126 1091 2220 δυναμενους
1127 2152 1237 2199 ποιειν
1291 2128 1393 2197 αλλα

351 2261 372 2297 “
390 2255 563 2356 φοβεῖσθε
580 2245 644 2327 τὸν
661 2246 749 2347 μετὰ
767 2246 809 2326 τὸ
829 2249 1016 2327 ἀποθανεῖν
1035 2249 1125 2345 ὑμᾶς
1146 2245 1272 2351 ἔχοντα
1291 2242 1393 2348 ε’ξου-

351 2390 372 2424 “
390 2377 474 2455 σίαν
502 2379 624 2482 ψυχῆς
646 2379 704 2455 καὶ
728 2374 911 2472 σώματος,
931 2383 994 2454 τοῦ
1021 2382 1149 2469 βαλεῖν
1175 2378 1223 2458 εῖς
1249 2371 1394 2474 γεένναν
1411 2405 1446 2443 10

351 2518 372 2553 “
390 2505 535 2608 πυρός.”
597 2506 667 2583 Καὶ
695 2502 899 2604 γινώσκετε,
919 2505 1085 2610 ἀδελφοί,
1108 2502 1161 2582 ὅτι
1187 2502 1208 2602 ἡ
1230 2502 1393 2600 ἐπιδημία

350 2637 457 2738 ἐντῷ
476 2630 601 2739 κόσμιρ
626 2629 741 2738 τούτῳ
765 2635 829 2730 τῆς
849 2627 984 2734 σαρκὸς
1006 2629 1137 2729 ταύτης
1164 2625 1272 2732 μικρά
1292 2631 1394 2708 ε’στιν

352 2765 409 2840 καὶ
435 2759 733 2863 ὀλιγοχρόνιος,ἡ
761 2758 798 2836 δὲ
825 2757 1022 2858 ἐπαγγελία
1048 2766 1111 2838 τοῦ
1139 2762 1304 2861 Χριστοῦ
1329 2789 1392 2854 με·

351 2886 449 2990 γάλη
477 2889 534 2965 καὶ
561 2884 751 2985 θαυμαστή
778 2887 889 2983 ἐστιν,
910 2890 966 2965 καὶ
994 2884 1193 2969 ἀνάπαυσις
1216 2887 1280 2983 τῆς
1305 2893 1394 2983 μέλ·

352 3013 491 3114 λούσης
514 3015 701 3108 βασιλείας
726 3017 783 3093 καὶ
809 3012 899 3114 ζωῆς
919 3014 1071 3093 αι’ωνίου.
1130 3014 1180 3093 Τί
1205 3013 1267 3090 οὖν
1295 3009 1394 3091 ἔστιν
1410 3047 1447 3107 15

351 3140 572 3241 ποιήσαντας
604 3144 776 3247 ἐπιτυχεῖν
807 3143 936 3238 αὐτῶν,
969 3146 998 3219 εῖ
1029 3139 1078 3240 μὴ
1114 3138 1157 3221 τὸ
1195 3141 1302 3225 ὁσίως
1336 3143 1395 3219 καὶ

352 3270 492 3354 δικαίως
524 3269 823 3374 ἀναστρέφεσθαι,
850 3271 908 3349 καὶ
937 3267 982 3348 τά
1015 3267 1171 3367 κοσμικά
1202 3277 1313 3348 ταῦτα
1345 3271 1394 3354 ὡς

395 3557 421 3611 3.
437 3540 593 3611 Ἀποκριθεὶς
607 3542 636 3595 δε·
649 3544 663 3595 ὀ
677 3536 786 3619 Πέτρος]
809 3539 854 3597 De
895 3538 1059 3616 Evangeliis
1072 3547 1236 3610 memorata,
1251 3539 1337 3596 habes
1350 3537 1394 3595 iu-

354 3619 431 3678 dicto
447 3619 554 3678 Christi
568 3620 632 3697 lego
649 3620 717 3678 Luc.
733 3640 753 3676 x
769 3640 785 3694 3
793 3641 801 3692 3
824 3629 854 3678 at
894 3620 938 3677 im
959 3621 991 3697 ἕξ
1011 3623 1099 3692 8,12.
1144 3619 1241 3678 sicin
1264 3619 1395 3696 Epistola

354 3701 390 3758 de
412 3701 464 3759 tali
487 3701 628 3779 colloquio
654 3701 761 3760 Christi
789 3720 854 3759 oum
896 3702 1042 3759 Barnabae
1066 3701 1194 3779 legimus,
1217 3702 1274 3776 ξι,
1294 3700 1394 3761 ‘Dicit

356 3782 450 3855 Petro,
472 3783 555 3858 quale
577 3783 623 3841 hio
650 3803 854 3841 commemora·
895 3783 1006 3841 ‘Filius
1020 3782 1094 3840 Dei:
1117 3784 1295 3840 Rsaistonrus
1312 3784 1394 3840 omni

354 3871 411 3935 tur,
439 3864 549 3940 reperio
583 3865 662 3923 nihil.
722 3865 855 3923 Fortasse
895 3865 1076 3940 (ι’πῖηιιῖαινῖ,
1101 3874 1126 3921 st
1152 3865 1218 3922 edu>
1239 3864 1395 3922 Ιιαίνοοπιιιο

355 3953 450 4003 sumta
473 3953 541 4003 sunt
559 3966 595 4005 ex
612 3946 785 4023 Apocrypha
804 3946 854 4003 ali·
896 3946 997 4018 ‘sarm’
1019 3955 1049 4004 et
1073 3952 1087 4016 ς
1109 3960 1136 4019 7,
1165 3950 1196 4001 οἱ
1219 3947 1335 4004 θέλοντές
1360 3970 1393 4016 με

355 4046 412 4102 qua
426 4026 562 4087 Historia.
579 4027 678 4086 BOIS.
716 4028 776 4085 Sub
786 4027 856 4104 ipsis
896 4031 965 4100 ῖδεῖν,
993 4032 1033 4083 καὶ
1059 4029 1179 4101 ἅψασθαί
1205 4052 1254 4098 μου
1276 4031 1322 4098 τῆς
1342 4031 1392 4093 βα-

356 4108 561 4184 Apostolorum
573 4109 751 4185 temporibus
765 4109 853 4185 pluri·
895 4113 1002 4173 σιλείας,
1026 4111 1164 4182 ὀφείλουσι
1191 4111 1322 4174 θλιβένςες
1352 4112 1394 4164 καὶ

356 4188 796 4266 mosEvangeliasuanclesiae
809 4191 853 4247 in·
894 4195 980 4248 πολλὰ
1002 4193 1125 4247 παθόντες
1150 4194 1240 4255 λαβεῖν
1264 4214 1303 4261 με.
1347 4188 1391 4248 Ci

355 4270 462 4340 tulisse,
474 4272 523 4347 qui
536 4291 582 4330 res
596 4272 747 4329 aDomiuo
760 4281 855 4349 gestas
895 4272 959 4331 Aet.
972 4271 1020 4329 xiv
1037 4290 1082 4328 ου.
1111 4271 1244 4329 lustinus
1258 4271 1299 4328 M.
1311 4270 1392 4337 item,

355 4372 456 4429 parum
478 4361 576 4411 exacte
596 4354 743 4424 callebant,
760 4354 855 4411 innuit
895 4354 926 4410 in
947 4353 1020 4410 Dial.
1043 4373 1065 4410 ο.
1081 4352 1242 4428 Tryphone,
1264 4353 1342 4427 §47,
1363 4373 1391 4428 p.

357 4433 392 4490 D.
410 4435 501 4492 Lucas
528 4455 586 4510 cap.
612 4435 628 4492 i.
687 4435 855 4493 Haeretieos
900 4454 954 4508 143
976 4435 1018 4492 ed.
1035 4434 1102 4491 Ben.
1120 4442 1149 4492 et
1163 4434 1295 4492 Clemens
1308 4433 1392 4491 Alex.

356 4534 423 4573 vero
437 4514 641 4592 Apostolorum
658 4516 854 4575 emendatores
896 4517 969 4588 Quia
989 4516 1067 4573 dives
1086 4515 1236 4574 soluetur?
1259 4515 1274 4590 ξ
1294 4534 1342 4589 39,
1363 4536 1391 4591 p.

356 4616 386 4654 so
406 4598 574 4669 venditasse,
596 4598 721 4674 locuples
741 4606 784 4656 est
797 4606 854 4656 tes-
896 4612 951 4672 957
975 4597 1020 4655 ed.
1040 4597 1146 4655 Potter.
1172 4601 1218 4653 Διὸ
1238 4601 1278 4653 καὶ
1298 4601 1313 4652 ὁ
1333 4598 1392 4667 ἡμέ-

356 4678 395 4736 tis
418 4678 609 4738 Teltulliauus
629 4680 691 4737 adv.
715 4679 853 4737 Marcion.
893 4705 966 4754 τερος
980 4680 1071 4752 Κύριος
1079 4680 1179 4749 Ἰησοῦς
1192 4683 1302 4750 Χριστὸς
1314 4676 1393 4735 εἶπεν·

356 4759 404 4816 lib.
431 4781 455 4817 v.
514 4761 669 4838 Evangelia
694 4760 854 4832 Nicodemi,
894 4763 938 4817 Ἐν
951 4760 989 4819 οἷς
1002 4763 1033 4816 ἂν
1050 4763 1113 4832 ὑμᾶς
1134 4764 1276 4830 καταλάβω,
1290 4762 1318 4815 ἐν
1333 4761 1392 4815 τοὺ.

358 4840 579 4913 Nazarenorum
607 4863 660 4901 seo.
687 4842 855 4920 Aegyptios,
895 4868 947 4901 τοις
967 4847 1006 4898 καὶ
1027 4849 1110 4915 κρινῶ·
1133 4861 1205 4918 quae
1218 4841 1306 4898 verba
1320 4840 1393 4898 Gra-

357 4923 405 4979 θνο.
430 4923 535 4999 passim
559 4925 635 5000 apud
654 4924 773 4982 Veteres
797 4925 857 4982 lau·
896 4924 961 4982 bius
987 4944 1023 4981 ex
1051 4922 1208 5000 Evangelio
1236 4922 1395 4980 semndum

357 5002 468 5061 dantur.
485 5004 595 5061 FELL.
627 5006 713 5064 Dicta
726 5006 781 5063 alia
795 5005 853 5063 Do·
896 5005 1043 5063 Hebraeos
1056 5005 1144 5062 citata
1164 5003 1249 5062 fuisse
1269 5003 1394 5079 suspioa-

357 5083 435 5141 mino
460 5094 558 5145 nostro
576 5087 645 5144 «lesu
670 5087 785 5145 Christo
804 5087 855 5144 tri·
895 5095 949 5145 tur.
994 5087 1125 5144 Clemens
1139 5085 1220 5143 Alex
1235 5084 1395 5143 dietumiis

356 5165 433 5238 buta
462 5187 518 5224 non
552 5177 647 5227 autem
675 5169 703 5226 in
732 5177 855 5245 quatuor
895 5189 967 5245 quae
982 5168 1064 5227 Matt.
1081 5168 1109 5224 vi
1132 5186 1168 5241 33
1191 5168 1326 5245 leguntur
1345 5186 1394 5244 ge
