3250 6617
369 1069 412 1132 42
735 1071 766 1134 S.
793 1069 1043 1134 CLEMENTIS

205 1261 327 1339 uxpppa
425 1238 482 1322 O'.
501 1240 570 1322 Διὸ
589 1240 846 1340 ὑπακούσαιμεν
863 1247 908 1348 τῇ
926 1247 1191 1344 μεγαλοπρεπεῖ
1206 1243 1264 1319 καὶ
1280 1237 1416 1347 ἐνδόξῳ

204 1343 356 1506 {lime
368 1368 542 1470 βουλήσει
570 1370 691 1466 αι’ποῦ,
713 1374 770 1447 καὶ
795 1368 902 1449 ἱκέται
922 1369 1102 1470 γενόμενοι
1125 1375 1189 1447 τοῦ
1213 1365 1334 1451 ἐλέονς
1357 1371 1415 1445 καὶ

204 1465 328 1588 μόῗιόιῗῗι.
369 1502 433 1598 τῆς
459 1496 704 1604 χρηστότητος
732 1500 852 1591 αὐτοῦ,
872 1498 1140 1602 προσοίσομεν
1165 1499 1222 1574 καὶ
1249 1497 1413 1598 ἐπιστρέ-

369 1631 497 1733 ψωμεν
523 1629 580 1707 ἐπὶ
608 1622 691 1712 τοὺς
718 1624 917 1730 οἶκτιρμοὺς
943 1627 1065 1722 αὐτοῦ,
1085 1623 1322 1709 ἀπολιπόντες
1348 1621 1416 1724 τὴν

368 1755 637 1853 ματαιοπονίαν,
661 1753 728 1855 τήν
752 1788 790 1833 τε
819 1754 905 1857 ἔριν,
926 1755 983 1833 καὶ
1007 1750 1049 1834 τό
1072 1758 1119 1838 εἷς
1145 1750 1300 1867 θοίνατον
1323 1751 1446 1854 ἅγον5

369 1879 488 1983 §phou
544 1880 782 1977 Ἀτενίσιομεν
799 1885 847 1965 είς
870 1875 951 1964 τοὺς
972 1880 1112 1963 τελείως
1130 1876 1412 1982 λειτουργήσαν-

292 2070 298 2081 .
368 2045 433 2095 τας
449 2013 494 2116 τῇ
511 2015 777 2112 μεγαλοπρεπεῖ
791 2005 881 2113 δόξῃ
903 2009 1022 2088 αὐτοῦ.
1082 2005 1261 2104 Λάβωμεν
1277 2004 1412 2113 Ἐνιόχ,

369 2135 408 2223 ὃς
424 2139 461 2216 ἐν
475 2140 612 2242 ὑπακοῇ
632 2138 763 2220 δίκαιος
781 2139 927 2240 εὑρεθεὶς
943 2135 1117 2234 μετετέθη,
1133 2137 1191 2213 καὶ
1209 2136 1276 2242 οὐχ
1293 2133 1414 2238 εὑρέθη
1530 2148 1534 2156 “

261 2313 267 2325 ·
367 2268 475 2346 αὐτοῦ
495 2264 659 2350 θάνατος.
719 2270 803 2344 Νῶε
830 2261 959 2347 πιστὸς
985 2265 1139 2367 εὑρεθείς,
1163 2262 1219 2341 διὰ
1246 2266 1311 2362 τῆς
1339 2273 1412 2340 λει-

366 2395 532 2496 τουργίας
556 2394 666 2472 αὐτοῦ
687 2392 969 2494 παλιγγενεσίαν
993 2389 1119 2500 κόσμῳ
1144 2388 1324 2495 ἐκήρυξεν·
1355 2393 1414 2469 καὶ
1431 2436 1468 2476 ιο

411 2639 433 2676 1.
450 2620 644 2692 ὑπακούσαιμεν]
661 2617 709 2677 Sic
722 2638 787 2676 eum
796 2617 866 2676 Cod.
909 2617 967 2677 tius
981 2637 1068 2694 quam
1080 2620 1269 2687 ματαιοπονίαν.
1289 2616 1411 2676 WO'l'P.

367 2701 496 2759 Wotton.
534 2700 663 2758 Galland.
701 2699 866 2757 Schoenem.
950 2699 987 2756 ih.
1003 2702 1136 2773 τὸ-ὅγυν
1146 2700 1245 2773 ζῆλος]
1261 2702 1306 2754 τὸν
1318 2700 1414 2774 ἄγοντα

367 2781 675 2854 Ηοίολίιις,1)ιαιιο1ἱιιιι.
688 2780 809 2852 Caeteri,
815 2780 835 2838 J
837 2801 869 2838 u·
910 2785 987 2852 βηλον
999 2780 1118 2839 mallent
1129 2779 1205 2839 Bois.
1219 2779 1289 2838 Fell.
1300 2779 1410 2839 Colom

366 2863 447 2920 nium
466 2863 565 2935 secuti,
579 2863 765 2934 ἐπακούσωμεν,
782 2882 869 2940 quam
910 2861 999 2922 Wott.
1012 2863 1092 2939 Frey.
1105 2861 1195 2921 Cotel
1212 2861 1310 2921 Coust.
1327 2862 1410 2921 Russ

367 2944 517 3003 lectionem
529 2944 641 3002 Boisius
648 2943 821 3020 jampridem
832 2964 868 3001 ex
909 2951 939 3002 et
953 2943 1025 3003 Gall.
1069 2943 1145 3001 Vide
1158 2963 1245 3020 supra
1261 2950 1362 3003 notata
1375 2944 1412 3002 ad

366 3026 529 3102 conjectura
547 3033 717 3084 correxerat.
760 3025 869 3083 Millius
910 3025 924 3101 §
940 3046 968 3096 4.
984 3047 1008 3102 p.
1029 3045 1066 3082 20
1081 3026 1098 3082 l.
1117 3044 1161 3099 13.

366 3126 479 3183 quoquc
500 3115 529 3165 et
544 3107 668 3166 Grabius
681 3126 782 3164 verum
802 3126 867 3183 per·
951 3109 977 3163 6.
992 3102 1171 3186 Ἀτινίσιιμιν]
1187 3105 1259 3162 Edv.
1272 3105 1411 3165 Benrard.

366 3197 529 3265 aperierunt,
544 3189 620 3246 unde
634 3188 740 3245 mirum
754 3187 868 3246 videtur
908 3207 994 3264 quern
1021 3195 1054 3245 ut
1081 3186 1268 3264 Anonymum
1295 3187 1325 3245 in
1352 3188 1413 3245 edi-

365 3268 485 3327 Junium
509 3290 608 3327 vocem
628 3268 766 3340 intulisse,
787 3289 868 3346 quae,
908 3270 988 3327 tione
1007 3269 1102 3344 priore
1122 3269 1201 3340 citat,
1215 3268 1300 3326 litera
1314 3277 1412 3328 autem

365 3359 400 3410 ut
413 3351 566 3410 Wottonus
586 3358 692 3423 monet,
713 3349 815 3408 nullibi
838 3350 868 3407 in
910 3350 934 3407 B
957 3351 987 3408 in
1009 3350 1098 3408 altera
1121 3349 1253 3427 designat
1275 3349 1412 3424 Clericus,

367 3432 452 3491 Novo
473 3433 655 3490 Testamento
679 3431 811 3504 occurrit,
832 3432 869 3489 ad
910 3431 1070 3508 Epistolam
1090 3440 1219 3490 nostram
1236 3430 1283 3489 hic
1296 3451 1332 3489 ex
1347 3432 1412 3492 Cle·

366 3514 446 3590 cujus
466 3513 701 3590 phraseologiam,
718 3514 869 3590 praecipue
909 3521 1005 3572 mente
1025 3512 1107 3570 Alex
1128 3512 1331 3589 interpolatam
1350 3534 1412 3574 esse

367 3594 561 3672 Epistolarum
603 3595 795 3665 Paulinam,
839 3595 868 3652 S.
909 3615 1020 3653 summa
1033 3594 1137 3652 fiducia
1149 3593 1325 3671 pronuntiat
1348 3595 1413 3653 ‘lr-

368 3676 453 3735 Pater
479 3697 565 3754 quam
592 3677 723 3753 proxime
750 3677 868 3736 accedit.
911 3676 981 3735 ‘riti
995 3676 1110 3748 tameu,’
1124 3684 1157 3734 ut
1170 3674 1302 3735 Wottoni
1316 3677 1412 3736 verbis

367 3760 500 3814 ὑπακούειν
520 3769 640 3836 usurpat
662 3758 794 3817 Clemens
818 3779 869 3815 no·
909 3765 983 3827 utar,
998 3762 1084 3816 ‘sunt
1097 3757 1182 3834 hujus
1195 3765 1321 3816 conatus.
1353 3757 1412 3832 Qui

367 3847 426 3898 ster
441 3840 455 3915 ξ
472 3854 498 3914 7.
910 3839 1008 3897 ‘enim
1028 3839 1082 3897 hoc
1102 3839 1188 3897 modo
1209 3859 1245 3897 ex
1262 3839 1412 3899 Clemente

409 3942 437 3991 4.
463 3923 617 3995 οἶκτιρμοὺς]
649 3920 696 3979 Sic
730 3921 801 3998 lege,
829 3921 867 3977 si·

367 4001 483 4079 quidem
497 4003 538 4061 ita
552 4003 639 4080 vulgo
653 4002 778 4060 obtinuit
809 4005 869 4058 ἀνα-

366 4088 534 4158 λογικῶτερον
564 4084 726 4158 οἰκτειρμοιίς.
770 4080 869 4164 [quum

367 4245 476 4305 MILL.

408 4343 435 4401 5.
450 4324 641 4408 ματαιοπονίαν]
670 4327 758 4386 Forte
780 4352 867 4398 μαται-

367 4490 494 4567 respexit
515 4491 543 4550 S.
562 4490 744 4567 Polycarpus.
786 4490 816 4548 ui
838 4491 867 4549 in

368 4570 420 4648 Ep.
436 4592 487 4629 sua
507 4572 544 4630 ad
565 4572 687 4649 Philipp.
705 4572 733 4649 [ξ
751 4511 785 4652 ²l
799 4572 868 4632 haec

367 4651 472 4711 habet:
495 4659 540 4710 Διὸ
554 4656 739 4725 ἀναζωσάμενοι
757 4658 803 4713 τὰς
821 4657 869 4711 ‹io-

367 4819 408 4870 καὶ
427 4817 539 4889 ἀληθεία,
553 4819 721 4875 ἀπολιπόντες
740 4820 785 4888 τὴν
797 4821 870 4888 κενὴν

366 4901 553 4970 ματαιολογίαν,
568 4902 608 4954 καὶ
624 4906 674 4954 τῶν
685 4903 790 4955 πολλῶν
802 4903 868 4956 πλά-

367 5001 416 5047 νην.
461 4977 547 5036 Unde
567 4979 643 5037 haud
664 4978 790 5038 incertus
803 5000 870 5039 con-

362 5058 491 5134 jecturae
517 5059 596 5119 locus
630 5068 682 5124 eat.
714 5060 867 5138 legendum

367 5159 427 5198 esse
441 5139 494 5197 hoc
509 5141 538 5197 ln
552 5142 614 5199 loco
627 5145 807 5215 ματαιολογίαν
816 5163 866 5220 po·

911 3920 1016 3978 ‘Alex
1045 3921 1150 3997 arguit,
1177 3929 1228 3979 aut
1254 3940 1321 3978 eum
1352 3940 1412 3981 non

911 4003 1020 4080 ‘probe
1048 4002 1136 4074 novit,
1164 4010 1215 4060 aut
1247 4002 1323 4060 mala
1354 4002 1412 4063 fide

911 4084 1000 4161 ‘agit
1057 4084 1166 4142 Eadem
1193 4082 1271 4141 enim
1299 4083 1412 4144 ratione

367 4165 538 4241 scripturam
562 4165 678 4223 exhibet
697 4164 767 4222 Cod.
787 4161 864 4244 Mu]
911 4170 918 4196 ‘

910 4246 988 4304 ‘lide
1021 4266 1121 4305 eorum
1148 4246 1285 4319 omnium,
1313 4246 1363 4324 qui
1394 4267 1413 4305 a

909 4327 1021 4387 ‘Clem
1037 4326 1121 4386 Alex.
1136 4347 1258 4405 usquam
1276 4326 1411 4402 citantur,

367 4413 477 4483 ολογίαν.
493 4409 583 4467 JUN.
627 4408 674 4466 Ad
686 4408 763 4468 hunc
773 4410 867 4467 locum
908 4415 917 4441 ‘

908 4496 1009 4550 ‘trum
1023 4491 1130 4568 majore
1143 4490 1259 4549 licentia
1278 4510 1347 4550 usus
1367 4499 1412 4552 est

909 4572 961 4631 ‘in
988 4573 1110 4631 citandis
1136 4571 1324 4645 Authoribus‚
1351 4573 1413 4633 sive

931 4173 1028 4223 actum
1056 4166 1111 4224 erit
1138 4165 1174 4223 de
1201 4164 1350 4225 authentia
1382 4174 1413 4226 et

929 4410 1109 4487 scriptorum
1153 4408 1248 4468 Nemo
1267 4409 1345 4468 enim
1359 4409 1413 4468 Pa·

908 4655 1033 4727 ‘Sacris
1058 4653 1118 4713 sive
1141 4653 1272 4712 Ethnicis
1283 4673 1292 4727 3
1320 4673 1411 4732 quum

367 4735 436 4804 φὼς
450 4736 603 4792 δουλεύσω
623 4740 658 4812 τῷ
677 4742 733 4812 θεῷ
752 4739 778 4792 ἐν
791 4741 869 4812 φόβῳ
909 4741 1084 4877 ἶιιιιιΙιοιιιιιι
1101 4819 1189 4876 verba
1208 4836 1321 4894 semper
1339 4818 1412 4876 raci-

931 4736 958 4794 ei
985 4736 1016 4793 in
1042 4756 1122 4795 more
1145 4735 1192 4809 sit,
1216 4756 1274 4794 non
1297 4735 1412 4814 integra

932 4907 1002 4971 tare,
1010 4900 1061 4959 sed
1074 4920 1128 4978 pro
1138 4899 1259 4958 arbitrio
1272 4919 1324 4958 suo
1334 4918 1412 4957 nunc

911 4985 919 5012 ‘
932 4982 1108 5052 contrahere,
1121 5001 1197 5039 nunc
1210 4981 1247 5041 de
1267 4999 1320 5038 suo
1337 4980 1412 5040 inse·

908 5066 1000 5133 ‘rero‚
1015 5064 1070 5121 alia
1089 5063 1231 5134 omittere,
1251 5061 1309 5120 alia
1323 5062 1412 5123 variis

909 5144 1023 5202 ‘modis
1036 5151 1154 5203 mutare.
1187 5144 1266 5203 Hinc
1279 5143 1411 5221 legimus,
