3250 6617
592 1114 646 1175 ΕΤ
670 1104 1007 1175 FORMULARUM.
1329 1117 1370 1181 75

231 1283 368 1335 Κοινωνεῖν.
411 1285 582 1348 πνευματικῶν
602 1282 670 1355 αὐτῷ
693 1279 779 1336 κοινοί-

270 1360 348 1429 νίησυς
368 1363 541 1432 χαρισμάτων.
565 1359 652 1418 Mart.
669 1360 734 1435 Ign.
752 1381 777 1433 3.

862 1285 1010 1415 πιέραβῦσαι
1024 1283 1143 1353 ξιφίδιον.
1169 1279 1257 1338 Mart.
1275 1280 1368 1356 Polyc.

868 1380 875 1415 1
906 1405 912 1417 .

270 1447 424 1509 κοινωνῶμεν
436 1446 472 1516 τῷ
486 1442 591 1510 ἀθλητῇ.
617 1458 643 1514 7.
687 1452 781 1497 Κοινω-
822 1446 927 1496 Κοπιιῖν.
964 1444 1034 1511 εἰμὴ
1052 1447 1076 1497 οἶ
1093 1445 1179 1497 πολλά
1197 1446 1372 1500 κοπιάσαντες.

270 1525 344 1589 νῆσοι
354 1526 390 1596 τῷ
401 1523 464 1596 άγίηι
478 1523 556 1576 αὐτοῦ
567 1524 674 1597 σαρκίφ.
691 1522 779 1579 Mart.

271 1601 364 1675 Polyc.
385 1616 427 1673 17.

230 1687 361 1738 Κοινωνός.
404 1686 516 1753 Χριστοῦ
540 1685 656 1739 κοινωνός
676 1687 779 1755 γενόμε-

270 1785 320 1818 νος.
344 1761 429 1819 Mart.
447 1761 542 1836 Polyc.
560 1764 588 1817 6.

231 1843 402 1914 Κοινωφελης.
460 1845 540 1910 ζητεῖν
569 1845 599 1896 τό
629 1845 782 1914 κοινωφελές

269 1927 357 1978 πᾶσιν.
384 1921 474 1980 Clem.
491 1922 506 1977 Ῑ
521 1927 568 1992 48.

231 2008 356 2061 Κόκκινυς.
399 2005 461 2060 ὅπος
481 2006 594 2072 κρεμάση
608 2003 635 2056 ἐκ
649 2008 694 2058 τοῦ
713 2002 782 2058 οῖκου

271 2087 346 2153 αὐτῆς
360 2089 476 2138 κόκκινον.
500 2082 590 2139 Clem.
607 2083 620 2138 l
640 2103 685 2140 12.

232 2167 333 2220 Κόκκος.
374 2169 389 2218 ὀ
403 2167 501 2235 σπόρος
517 2168 604 2224 κόκκου
618 2167 672 2219 τίνα
689 2168 784 2235 τρόπον

271 2246 375 2314 γίνεται.
413 2243 596 2313 016111124.

233 2324 392 2379 Κολακεάειν.
437 2329 544 2379 Μᾶλλον
560 2323 730 2380 κολακεῦσατε
751 2327 783 2379 τά

273 2407 353 2475 θηρία.
379 2404 444 2479 Igu.
460 2404 544 2459 Rom.
561 2424 590 2475 4.
624 2405 693 2459 όκαί
707 2408 782 2459 κολα-

273 2484 356 2539 κεῦσω
373 2489 503 2553 συντόμως
518 2508 549 2555 με
566 2488 731 2556 καταφαγεῖν.
755 2498 781 2556 5.

273 2565 312 2620 ἵνα
326 2568 357 2620 τὰ
370 2568 510 2635 φαινόμενά
524 2589 572 2620 σου
591 2568 627 2623 είς
643 2568 784 2636 πρόσωπον

274 2646 417 2714 κολακεῦης.
442 2645 537 2720 Polyc.
556 2664 580 2702 2.

234 2730 354 2782 Κόλασις.
397 2728 456 2783 τοῦς
483 2728 510 2780 δέ
538 2728 784 2798 ἐτερακλινεῖς...είς

274 2808 542 2875 κόλασιν...τίθησι.
579 2805 668 2862 Clem.
695 2806 707 2861 l
737 2825 782 2863 11.

274 2888 347 2940 οὐδὲν
366 2887 430 2956 ἡμᾶς
449 2887 555 2959 ῥύσεται
576 2889 603 2941 ἐκ
621 2891 666 2955 τῆς
685 2888 786 2942 αἰωνίου

228 2961 233 2974 ’
275 2970 413 3024 κολάσεως.
447 2967 479 3022 ΙΙ
506 2970 533 3023 6.
575 2969 646 3022 κακαὶ
669 2969 787 3026 κολάσεις

275 3053 320 3101 τοῦ
334 3051 466 3113 διαβόλου.
490 3047 554 3123 Igu.
571 3047 656 3104 Rom.
673 3060 700 3117 5.
742 3051 787 3117 τὴν

274 3131 373 3183 αἰώνιον
420 3133 527 3183 κόλασιν
570 3130 785 3200 ἐξαγοραζόμενοι.

277 3208 361 3265 Mart.
386 3207 481 3283 Polyc.
506 3228 532 3263 2.
576 3210 709 3277 ὑπέμειναν
733 3210 783 3262 δει-

276 3293 319 3345 νὰς
333 3293 460 3345 κολάσεις.
484 3288 522 3344 ib.
555 3291 596 3343 διά
609 3291 653 3357 της
667 3289 786 3355 ἐπιμάνου

275 3373 412 3426 κολάσεως.
436 3368 472 3425 ib.
519 3372 548 3423 τό
570 3372 632 3437 τῆς.
648 3411 653 3422 .
668 3368 786 3423 .α1ωνίου

276 3452 442 3505 κολάσεως..
458 3454 534 3519 ,πῦρ
560 3467 606 3505 11.

237 3528 397 3596 Κολαφίζειν.
434 3531 559 3585 ποικίλαις
572 3530 697 3593 βασάνοις
711 3531 785 3583 κολα-

277 3613 416 3679 φιζόμενοι.
441 3609 525 3665 Mart.
543 3608 636 3682 Polyc.
656 3626 682 3662 2.

237 3694 348 3745 Κολλᾶν.
391 3691 553 3758 κολληθῶμεν
571 3694 624 3745 τοῖς
644 3691 697 3757 μετ’
711 3691 785 3744 εὐσε-

276 3772 349 3834 βείας
372 3771 550 3841 εἷρηνεῦονσιν.
584 3767 674 3826 (1111111.
700 3769 715 3825 Ι
742 3783 785 3841 15.

277 3853 434 3922 εὐεργεσίαις
467 3875 494 3905 τι
530 3852 701 3919 κολληθῶμεν,
741 3868 786 3922 19.

278 3933 448 4001 Κολληθῶμεν
462 3931 506 3985 οὖν
522 3933 623 3988 ἐκείνοις
643 3929 681 3989 οῖς
701 3934 716 4001 ἡ
737 3935 787 4002 χά·

276 4037 316 4083 ρις
346 4015 396 4066 άπὸ
423 4016 469 4066 τοῦ
500 4017 565 4065 θεοῦ
595 4014 701 4068 δέδοται.
740 4030 786 4083 30.

278 4093 449 4162 Κολληθῶμεν
470 4090 515 4145 οῦν
531 4115 562 4162 τη
579 4094 682 4164 εὐλογίᾳ
702 4095 787 4147 αὐτοῦ.

278 4191 311 4244 31
318 4218 323 4229 .
380 4173 509 4229 Τοιοῦτοις
543 4172 588 4226 οῦν
621 4174 789 4244 ότοδείγμασι

276 4256 427 4322 κολληθῆναι
442 4255 481 4307 καί
495 4254 613 4323 ἡμᾶςδεῐ.
636 4253 682 4321 46.
719 4256 786 4306 Κολ-

275 4336 359 4389 λᾶσθε
379 4339 432 4391 τοῖς
453 4335 540 4406 όγῖσις.
567 4332 606 4389 ib.
651 4334 788 4400 Κολληθῶ-

276 4438 322 4483 μεν
346 4415 390 4469 οῦν
413 4419 465 4470 τοῖς
488 4415 586 4488 άθηίοις.
618 4411 656 4467 11).
697 4413 787 4484 Ἀγάπη

278 4498 358 4565 κολλᾷ
380 4496 443 4563 ἡμεῖς
463 4499 499 4568 τῷ
521 4499 586 4568 θεῷ,
616 4512 662 4566 49.
707 4495 787 4562 κολλᾷ

277 4578 327 4648 γὰρ
351 4577 414 4645 ἡμεῖς
438 4581 474 4650 τῷ
498 4573 619 4645 θελήματι
642 4578 688 4628 τοῦ
713 4577 785 4627 θεοῦ.

238 4740 360 4807 Κομίζειν.
395 4736 435 4790 ῖνα
451 4739 491 4791 καὶ
509 4738 553 4790 τὸν
568 4736 661 4804 μισθόν
677 4735 786 4804 κομισῶ·

277 4819 348 4886 μεθα.
378 4815 466 4873 Clem.
484 4815 516 4870 H
540 4834 586 4872 11.
628 4815 677 4886 ἀφ’
698 4814 729 4868 οῦ
750 4816 789 4867 καὶ

277 4901 308 4952 τὰ
326 4899 428 4968 ὀψώνια
447 4898 588 4964 κομίζεσθε.
611 4894 674 4970 Igu.
692 4893 787 4968 Polyc.

279 4980 306 5033 6.
348 4976 387 5031 ἵνα
405 4978 436 5031 τὰ
454 4978 565 5032 άκκεπτα
583 4978 652 5044 ὑμῶν
667 4976 725 5043 άξια
746 4997 787 5027 κο-

277 5058 396 5127 μίσησθε.
419 5056 458 5112 ib.

239 5145 351 5208 Κόμπος.
387 5140 430 5191 οῦκ
450 5136 527 5205 ἦλθεν
543 5137 569 5190 ἐν
588 5139 676 5209 κόμπῳ
696 5137 788 5202 ἀλαζο-

279 5219 353 5276 νείας.
377 5216 466 5275 Clem.
482 5216 497 5271 Ι
516 5216 559 5272 16.

240 5301 407 5373 Κομφέκτωρ.
435 5298 585 5355 ἐκελευσσν.
597 5342 604 5354 .
616 5296 790 5367 ,κομφίκτορα

864 1521 954 1578 Clem.
971 1521 984 1576 1
1001 1537 1027 1594 7.

823 1606 918 1659 Κότυς.
951 1603 1015 1657 ὅπου
1028 1605 1124 1658 πλείων
1137 1607 1221 1666 κόπος,
1235 1606 1305 1659 πολὺ
1318 1605 1374 1676 κε’ρ-

863 1685 912 1739 δος.
939 1682 999 1757 Ign.
1015 1682 1109 1757 Polyc.
1131 1702 1155 1739 1.

824 1767 942 1831 Κοσμεῖν.
972 1765 1108 1836 σεβασμίιρ
1122 1766 1237 1834 πολιτεία
1251 1788 1373 1836 κεκοσμη·

863 1845 939 1911 με’νοι.
972 1841 1098 1899 Clem.1
1122 1863 1149 1900 2.
1192 1847 1219 1900 ἐν
1240 1847 1322 1918 ἔργοις
1343 1847 1372 1900 ά-

863 1925 951 1994 γαθοῖς
973 1927 1064 1980 πάντες
1088 1924 1265 1994 ἐκοσμήθησαν
1289 1929 1313 1980 οί
1336 1925 1373 1981 δί-

864 2027 937 2057 καιοι.
961 2022 1009 2075 33.
1052 2008 1067 2058 ό
1084 2005 1176 2076 Κύριος
1189 2007 1273 2077 ἔργοις
1286 2009 1375 2061 ἐαυτδν

864 2084 1002 2152 κοσμησας.
1028 2083 1064 2138 ib.
1103 2089 1139 2159 τῷ
1158 2087 1252 2160 ἐνδόξῳ
1273 2087 1376 2157 ὀνόματι

864 2165 1044 2233 κεκοσμημένη.
1087 2183 1135 2237 43.
1197 2168 1376 2236 κεκοσμημένοι

864 2247 978 2300 ἐντολαῖς
1013 2247 1100 2312 Ἰησοῦ
1134 2251 1254 2317 Χριστοῦ.
1312 2247 1374 2322 Igu.

867 2322 937 2399 Eph.
956 2343 980 2396 9.
1023 2327 1097 2379 παντὶ
1110 2328 1161 2398 γάρ
1179 2330 1248 2400 καλῷ
1264 2368 1271 2381 .
1289 2369 1295 2382 .
1313 2369 1320 2382 .
1336 2330 1376 2381 καί

864 2409 915 2474 πρό
953 2409 997 2474 τῆς
1037 2409 1174 2477 μαρτυρίας
1212 2409 1373 2476 ἐκεκόσμητο.

866 2484 953 2541 Mart.
971 2484 1065 2559 Polyc.
1087 2504 1131 2557 ¹3·

825 2570 961 2634 Κοσμικός.
1018 2569 1048 2619 τά
1084 2569 1192 2636 κοσμικέι
1227 2571 1304 2620 ταῦτα
1342 2569 1377 2624 ἐνς

864 2647 988 2718 άλλότρια
1012 2647 1136 2718 ἡγεῖσθαι.
1175 2644 1263 2702 Clem.
1289 2645 1321 2701 ΙΙ
1342 2656 1375 2718 ’5.

865 2728 941 2796 μηδὲν
961 2728 1089 2795 ἐπιθυμεῖν
1111 2731 1231 2796 κοσμικόν
1252 2727 1267 2796 δ
1288 2729 1376 2795 μάται·

866 2831 903 2861 ον.
932 2806 994 2882 Igu.
1012 2806 1094 2862 Rom.
1113 2827 1140 2876 4.
1182 2814 1232 2862 τῶν
1252 2813 1378 2877 κοσμικῶν

867 2891 1039 2959 κατεφρόνουν
1058 2891 1186 2952 βασάνων.
1217 2887 1303 2945 Mart.
1326 2887 1378 2944 Po·

867 2967 919 3042 lyc.
940 2987 963 3023 ο.

827 3053 938 3117 Κόσμος.
978 3049 1009 3103 δι’
1023 3049 1053 3102 οὗ
1074 3051 1113 3102 καὶ
1134 3049 1240 3104 θάνατος
1260 3049 1380 3116 εἰσῆλθεν

868 3130 903 3184 είς
926 3132 971 3183 τὸν
993 3134 1095 3198 κόσμον.
1128 3127 1247 3185 0101111
1271 3146 1297 3200 3.
1340 3130 1377 3182 δι-

867 3208 1001 3277 καιοσῦνην
1035 3210 1138 3277 διδάξας
1172 3210 1234 3262 ὅλον
1262 3210 1307 3262 τόν
1336 3212 1377 3261 κό-

868 3312 940 3358 σμον.
959 3302 986 3359 5.
1015 3290 1152 3361 ἀπηλλάγη
1163 3293 1208 3343 τοῦ
1218 3292 1323 3357 κόσμου.
1340 3286 1376 3343 ib.

868 3371 942 3423 παντὶ
969 3374 1005 3442 τῷ
1032 3373 1120 3443 κόσμῳ
1148 3367 1278 3437 μετανοίας
1304 3371 1380 3439 χάριν

868 3449 1010 3521 ὑπήνεγκεν.
1035 3462 1061 3520 7.
1098 3455 1154 3503 Νῶε
1170 3492 1175 3502 .
1189 3491 1195 3502 .
1209 3492 1214 3504 .
1227 3453 1378 3519 παλιγγενε·

868 3528 927 3584 σίαν
943 3534 1030 3603 κόσμῳ
1047 3528 1171 3599 ἐκήρυξεν.
1196 3546 1224 3599 9.
1267 3531 1331 3581 τὸν.
1348 3570 1377 3582 ..

869 3611 972 3677 κτιστὴν
985 3614 1030 3663 τοῦ
1044 3607 1189 3676 σύμπαντος
1203 3611 1307 3676 κόσμου.
1334 3624 1379 3679 19.

869 3693 893 3743 σί
913 3690 966 3757 μετ’
988 3691 1064 3742 αὐτόν
1084 3691 1184 3756 κόσμοι.
1219 3706 1263 3743 2ο.
1307 3692 1381 3745 ποῖος

869 3770 896 3823 δέ
917 3773 1012 3838 κόσμος
1032 3769 1131 3836 δέξεταί
1150 3790 1223 3830 τινα,·
1251 3769 1297 3823 28.
1340 3771 1381 3823 καὶ

869 3851 934 3906 τίνες
962 3850 1114 3919 είσηλθομεν
1142 3850 1177 3906 εἰς
1204 3851 1247 3903 τὸν
1273 3852 1379 3917 κόσμον,

871 3933 919 4002 38.
948 3931 1083 4002 είσίηγαγεν
1103 3930 1138 3986 είς
1158 3933 1203 3983 τόν
1222 3933 1318 3999 κόσμον
1338 3931 1382 3983 αῦ-

871 4017 923 4066 τοῦ.
947 4009 983 4065 ib.
1025 4011 1224 4080 καταλείψαντες
1247 4010 1291 4077 τὴν
1314 4032 1380 4080 πειρ-

870 4094 949 4145 οικίαν
972 4096 1018 4145 τοῦ
1042 4094 1140 4158 κόσμου
1164 4089 1262 4143 τούτου.
1296 4087 1329 4143 ΙΙ
1353 4103 1379 4159 5.

870 4174 904 4240 μὴ
922 4171 1078 4242 φοβηθῶμεν
1098 4170 1211 4237 ἐξελθεῖν
1229 4170 1257 4223 ἐκ
1275 4173 1321 4222 τοῦ
1342 4173 1382 4223 κό-

871 4244 938 4321 σμού
962 4250 1059 4304 τούτου.
1092 4248 1129 4304 ib.
1176 4249 1191 4318 ἡ
1215 4250 1333 4317 ἐπιδημία
1356 4251 1384 4303 ἐν

871 4337 908 4405 τῷ
929 4335 1018 4403 κόσμῳ
1038 4331 1119 4404 τούτῳ
1140 4333 1184 4398 τῆς
1208 4333 1303 4402 σαρκὸς
1323 4329 1383 4384 ταὺ-

871 4435 920 4481 της.
944 4411 981 4467 ib.
1027 4412 1073 4467 ἕως
1095 4411 1173 4479 ἐσμέν
1196 4411 1223 4463 ἐν
1247 4408 1329 4483 τούτῳ
1348 4413 1383 4483 τῷ

869 4496 965 4564 κόσμῳ.
990 4494 1017 4545 8.
1062 4494 1133 4545 Μετὰ
1153 4492 1203 4562 γδρ
1222 4493 1252 4544 τὸ
1271 4490 1384 4559 ἐξελθεῖν

869 4573 932 4641 ἡμεῖς
959 4573 987 4625 ἐκ
1015 4577 1060 4625 τοῦ
1088 4575 1192 4639 κόσμου.
1227 4569 1264 4625 ib.
1316 4569 1385 4638 νομί-

869 4675 955 4722 σματα
969 4652 1023 4714 δύο,
1035 4651 1049 4705 ό
1059 4654 1105 4720 μέν
1118 4656 1192 4714 θεοῦ,
1206 4650 1220 4704 δ
1234 4651 1261 4703 δι’
1276 4653 1382 4719 κόσμου.

872 4732 936 4808 Ign.
962 4731 1060 4806 Magn.
1086 4744 1111 4801 5.
1154 4735 1178 4786 σί
1206 4731 1311 4785 άπιστοι
1338 4734 1384 4784 τοῦ

871 4818 969 4882 κόσμου
1000 4812 1100 4866 τούτου.
1135 4809 1175 4865 ib.
1232 4811 1302 4864 δῦναι
1334 4810 1385 4864 ἀπὸ

871 4897 968 4962 κόσμον
981 4895 1046 4964 πρός
1060 4895 1132 4946 θεόν.
1156 4889 1238 4946 Rom.
1257 4908 1282 4945 2.
1324 4890 1385 4943 ὅταν

871 4978 958 5047 κόσμῳ
978 4975 1012 5042 μὴ
1034 4975 1168 5043 φαίνωμαι.
1198 4989 1222 5043 3.
1267 4970 1306 5025 ότι
1326 4972 1384 5024 οόδέ

871 5056 901 5108 τό
916 5057 989 5123 σῶμά
1009 5077 1059 5123 μου
1080 5057 1095 5105 ό
1114 5057 1209 5121 κόσμος
1229 5052 1330 5123 ὄψεται.
1355 5072 1383 5121 4.

871 5137 902 5187 τὰ
918 5137 1012 5205 τερπνά
1032 5137 1079 5187 τοῦ
1096 5136 1202 5201 κόσμον.
1227 5132 1252 5186 6.
1297 5135 1385 5204 κόσμῳ

871 5215 905 5282 μὴ
938 5214 1097 5285 χσρησησθε.
1135 5211 1172 5267 ib.
1234 5216 1331 5281 κόσμον
1357 5213 1385 5265 δέ

873 5295 1021 5363 ἐπιθυμεῖτε.
1046 5308 1070 5366 7.
1115 5300 1166 5348 τῶν
1184 5293 1321 5362 ἐπιθυμιῶν
1336 5296 1387 5345 τῶν

914 5372 966 5428 kz
