<?xml version="1.0" encoding="UTF-8"?>
<!DOCTYPE html PUBLIC "-//W3C//DTD XHTML 1.0 Transitional//EN"
    "http://www.w3.org/TR/xhtml1/DTD/xhtml1-transitional.dtd">
<html xmlns="http://www.w3.org/1999/xhtml" xml:lang="en" lang="en">
 <head>
  <title>
</title>
<meta http-equiv="Content-Type" content="text/html;charset=utf-8" />
  <meta name='ocr-system' content='tesseract 3.04.00' />
  <meta name='ocr-capabilities' content='ocr_page ocr_carea ocr_par ocr_line ocrx_word'/>
</head>
<body>
  <div class='ocr_page' id='page_1' title='image "./sclementisroman00polygoog_0081.png"; bbox 0 0 3250 6617; ppageno 0'>
   <div class='ocr_carea' id='block_1_1' title="bbox 555 1069 1294 1134">
    <p class='ocr_par' dir='ltr' id='par_1_1' title="bbox 555 1069 1294 1134">
     <span class='ocr_line' id='line_1_1' title="bbox 555 1069 1294 1134; baseline 0.003 -2"><span class='ocrx_word' id='word_1_1' title='bbox 555 1069 700 1133; x_wconf 85' lang='lat' dir='ltr'><strong>INDEX</strong></span> <span class='ocrx_word' id='word_1_2' title='bbox 729 1069 1004 1133; x_wconf 82' lang='lat' dir='ltr'>EDITIONUM.</span> <span class='ocrx_word' id='word_1_3' title='bbox 1195 1069 1294 1134; x_wconf 82' lang='lat' dir='ltr'>lxxvii</span> 
     </span>
    </p>
   </div>
   <div class='ocr_carea' id='block_1_2' title="bbox 241 1241 1430 5055">
    <p class='ocr_par' dir='ltr' id='par_1_2' title="bbox 339 1241 1430 1615">
     <span class='ocr_line' id='line_1_2' title="bbox 340 1241 1430 1326; baseline -0.001 -20"><span class='ocrx_word' id='word_1_4' title='bbox 340 1243 489 1326; x_wconf 89' lang='lat' dir='ltr'>subjecta,</span> <span class='ocrx_word' id='word_1_5' title='bbox 511 1243 543 1305; x_wconf 93' lang='lat' dir='ltr'>in</span> <span class='ocrx_word' id='word_1_6' title='bbox 565 1242 652 1325; x_wconf 87' lang='lat' dir='ltr'>cujus</span> <span class='ocrx_word' id='word_1_7' title='bbox 673 1241 777 1305; x_wconf 87' lang='lat' dir='ltr'>lucum</span> <span class='ocrx_word' id='word_1_8' title='bbox 803 1241 837 1305; x_wconf 93' lang='lat' dir='ltr'>in</span> <span class='ocrx_word' id='word_1_9' title='bbox 858 1244 917 1326; x_wconf 89' lang='lat' dir='ltr'>Ep.</span> <span class='ocrx_word' id='word_1_10' title='bbox 945 1243 985 1306; x_wconf 89' lang='lat' dir='ltr'>ad</span> <span class='ocrx_word' id='word_1_11' title='bbox 1013 1242 1170 1306; x_wconf 88' lang='lat' dir='ltr'>Romanus</span> <span class='ocrx_word' id='word_1_12' title='bbox 1194 1243 1294 1307; x_wconf 87' lang='lat' dir='ltr'>versio</span> <span class='ocrx_word' id='word_1_13' title='bbox 1307 1254 1430 1316; x_wconf 65' lang='lat' dir='ltr'>Ignium.</span> 
     </span>
     <span class='ocr_line' id='line_1_3' title="bbox 341 1344 1293 1428; baseline -0.001 -20"><span class='ocrx_word' id='word_1_14' title='bbox 341 1345 453 1409; x_wconf 76' lang='lat' dir='ltr'>Clerici</span> <span class='ocrx_word' id='word_1_15' title='bbox 478 1344 682 1409; x_wconf 80' lang='lat' dir='ltr'>substituitur</span> <span class='ocrx_word' id='word_1_16' title='bbox 693 1370 702 1421; x_wconf 87' lang='lat'>;</span> <span class='ocrx_word' id='word_1_17' title='bbox 736 1345 865 1408; x_wconf 87' lang='lat' dir='ltr'>inferius</span> <span class='ocrx_word' id='word_1_18' title='bbox 890 1345 999 1428; x_wconf 89' lang='lat' dir='ltr'>positis</span> <span class='ocrx_word' id='word_1_19' title='bbox 1025 1345 1155 1422; x_wconf 91' lang='lat' dir='ltr'>Usscrii,</span> <span class='ocrx_word' id='word_1_20' title='bbox 1178 1345 1293 1422; x_wconf 87' lang='lat' dir='ltr'>Vossii,</span> 
     </span>
     <span class='ocr_line' id='line_1_4' title="bbox 340 1447 1293 1532; baseline -0.001 -20"><span class='ocrx_word' id='word_1_21' title='bbox 340 1449 496 1526; x_wconf 89' lang='lat' dir='ltr'>Cutelcrii,</span> <span class='ocrx_word' id='word_1_22' title='bbox 513 1448 686 1532; x_wconf 88' lang='lat' dir='ltr'>Clericique</span> <span class='ocrx_word' id='word_1_23' title='bbox 708 1449 801 1527; x_wconf 89' lang='lat' dir='ltr'>notis,</span> <span class='ocrx_word' id='word_1_24' title='bbox 821 1447 933 1532; x_wconf 90' lang='lat' dir='ltr'>quibus</span> <span class='ocrx_word' id='word_1_25' title='bbox 955 1449 1099 1513; x_wconf 87' lang='lat' dir='ltr'>Pearsuni</span> <span class='ocrx_word' id='word_1_26' title='bbox 1123 1453 1154 1511; x_wconf 87' lang='lat' dir='ltr'>et</span> <span class='ocrx_word' id='word_1_27' title='bbox 1176 1448 1293 1511; x_wconf 86' lang='lat' dir='ltr'>Smithi</span> 
     </span>
     <span class='ocr_line' id='line_1_5' title="bbox 339 1551 803 1615; baseline -0.002 0"><span class='ocrx_word' id='word_1_28' title='bbox 339 1551 555 1615; x_wconf 81' lang='lat' dir='ltr'>annotationes</span> <span class='ocrx_word' id='word_1_29' title='bbox 571 1558 646 1615; x_wconf 89' lang='lat' dir='ltr'>sunt</span> <span class='ocrx_word' id='word_1_30' title='bbox 661 1552 803 1615; x_wconf 83' lang='lat' dir='ltr'>insertae.</span> 
     </span>
    </p>

    <p class='ocr_par' dir='ltr' id='par_1_3' title="bbox 335 1651 1294 2354">
     <span class='ocr_line' id='line_1_6' title="bbox 381 1651 1294 1737; baseline 0.002 -22"><span class='ocrx_word' id='word_1_31' title='bbox 381 1651 548 1735; x_wconf 81' lang='lat' dir='ltr'>Leguntur</span> <span class='ocrx_word' id='word_1_32' title='bbox 577 1652 672 1716; x_wconf 89' lang='lat' dir='ltr'>etiam</span> <span class='ocrx_word' id='word_1_33' title='bbox 696 1652 857 1735; x_wconf 83' lang='lat' dir='ltr'>Epistulae</span> <span class='ocrx_word' id='word_1_34' title='bbox 882 1652 1049 1736; x_wconf 84' lang='lat' dir='ltr'>longiores,</span> <span class='ocrx_word' id='word_1_35' title='bbox 1072 1659 1142 1716; x_wconf 87' lang='lat' dir='ltr'>tum</span> <span class='ocrx_word' id='word_1_36' title='bbox 1171 1654 1294 1737; x_wconf 88' lang='lat' dir='ltr'>spuriae</span> 
     </span>
     <span class='ocr_line' id='line_1_7' title="bbox 338 1753 1293 1836; baseline 0.005 -20"><span class='ocrx_word' id='word_1_37' title='bbox 338 1760 407 1817; x_wconf 93' lang='lat' dir='ltr'>tum</span> <span class='ocrx_word' id='word_1_38' title='bbox 429 1753 642 1836; x_wconf 85' lang='lat' dir='ltr'>interpolatae,</span> <span class='ocrx_word' id='word_1_39' title='bbox 664 1778 736 1818; x_wconf 88' lang='lat' dir='ltr'>cum</span> <span class='ocrx_word' id='word_1_40' title='bbox 758 1754 952 1818; x_wconf 85' lang='lat' dir='ltr'>variantibus</span> <span class='ocrx_word' id='word_1_41' title='bbox 974 1755 1171 1833; x_wconf 87' lang='lat' dir='ltr'>lectionibus,</span> <span class='ocrx_word' id='word_1_42' title='bbox 1190 1763 1293 1821; x_wconf 89' lang='lat' dir='ltr'>vetere</span> 
     </span>
     <span class='ocr_line' id='line_1_8' title="bbox 338 1856 1292 1943; baseline 0.003 -24"><span class='ocrx_word' id='word_1_43' title='bbox 338 1856 468 1940; x_wconf 82' lang='lat' dir='ltr'>vulgato</span> <span class='ocrx_word' id='word_1_44' title='bbox 491 1857 676 1939; x_wconf 87' lang='lat' dir='ltr'>Interprete,</span> <span class='ocrx_word' id='word_1_45' title='bbox 696 1857 773 1920; x_wconf 91' lang='lat' dir='ltr'>itcm</span> <span class='ocrx_word' id='word_1_46' title='bbox 798 1857 944 1921; x_wconf 86' lang='lat' dir='ltr'>Cutelerii</span> <span class='ocrx_word' id='word_1_47' title='bbox 967 1857 1117 1936; x_wconf 87' lang='lat' dir='ltr'>versione,</span> <span class='ocrx_word' id='word_1_48' title='bbox 1140 1858 1292 1943; x_wconf 88' lang='lat' dir='ltr'>ejusdcm-</span> 
     </span>
     <span class='ocr_line' id='line_1_9' title="bbox 338 1959 1293 2044; baseline 0.002 -21"><span class='ocrx_word' id='word_1_49' title='bbox 338 1983 396 2043; x_wconf 92' lang='lat' dir='ltr'>que</span> <span class='ocrx_word' id='word_1_50' title='bbox 419 1966 457 2024; x_wconf 93' lang='lat' dir='ltr'>ut</span> <span class='ocrx_word' id='word_1_51' title='bbox 482 1967 515 2024; x_wconf 88' lang='lat' dir='ltr'>et</span> <span class='ocrx_word' id='word_1_52' title='bbox 540 1959 659 2023; x_wconf 90' lang='lat' dir='ltr'>Usserii</span> <span class='ocrx_word' id='word_1_53' title='bbox 689 1959 946 2024; x_wconf 85' lang='lat' dir='ltr'>annotationibus</span> <span class='ocrx_word' id='word_1_54' title='bbox 972 1960 1138 2044; x_wconf 89' lang='lat' dir='ltr'>subjectis:</span> <span class='ocrx_word' id='word_1_55' title='bbox 1172 1984 1293 2025; x_wconf 83' lang='lat' dir='ltr'>necnon</span> 
     </span>
     <span class='ocr_line' id='line_1_10' title="bbox 337 2062 1290 2147; baseline 0.003 -22"><span class='ocrx_word' id='word_1_56' title='bbox 337 2065 370 2126; x_wconf 89' lang='lat' dir='ltr'>S.</span> <span class='ocrx_word' id='word_1_57' title='bbox 387 2063 508 2147; x_wconf 85' lang='lat' dir='ltr'>Ignatii</span> <span class='ocrx_word' id='word_1_58' title='bbox 530 2062 733 2147; x_wconf 87' lang='lat' dir='ltr'>Martyrium,</span> <span class='ocrx_word' id='word_1_59' title='bbox 757 2086 829 2126; x_wconf 92' lang='lat' dir='ltr'>cum</span> <span class='ocrx_word' id='word_1_60' title='bbox 859 2062 975 2128; x_wconf 88' lang='lat' dir='ltr'>Smithi</span> <span class='ocrx_word' id='word_1_61' title='bbox 999 2063 1201 2146; x_wconf 83' lang='lat' dir='ltr'>praefatione,</span> <span class='ocrx_word' id='word_1_62' title='bbox 1222 2088 1290 2128; x_wconf 91' lang='lat' dir='ltr'>ver-</span> 
     </span>
     <span class='ocr_line' id='line_1_11' title="bbox 335 2165 1292 2250; baseline 0.001 -20"><span class='ocrx_word' id='word_1_63' title='bbox 335 2167 420 2230; x_wconf 90' lang='lat' dir='ltr'>sione</span> <span class='ocrx_word' id='word_1_64' title='bbox 450 2166 580 2250; x_wconf 84' lang='lat' dir='ltr'>antiqua</span> <span class='ocrx_word' id='word_1_65' title='bbox 610 2166 736 2230; x_wconf 89' lang='lat' dir='ltr'>Graecis</span> <span class='ocrx_word' id='word_1_66' title='bbox 766 2166 893 2230; x_wconf 89' lang='lat' dir='ltr'>obverse</span> <span class='ocrx_word' id='word_1_67' title='bbox 928 2165 1087 2244; x_wconf 88' lang='lat' dir='ltr'>collocata,</span> <span class='ocrx_word' id='word_1_68' title='bbox 1117 2173 1150 2230; x_wconf 88' lang='lat' dir='ltr'>et</span> <span class='ocrx_word' id='word_1_69' title='bbox 1179 2167 1292 2231; x_wconf 85' lang='lat' dir='ltr'>Clerici</span> 
     </span>
     <span class='ocr_line' id='line_1_12' title="bbox 336 2270 602 2354; baseline 0.004 -22"><span class='ocrx_word' id='word_1_70' title='bbox 336 2270 602 2354; x_wconf 86' lang='lat' dir='ltr'>interpretatione.</span> 
     </span>
    </p>

    <p class='ocr_par' dir='ltr' id='par_1_4' title="bbox 252 2380 951 2467">
     <span class='ocr_line' id='line_1_13' title="bbox 252 2380 951 2467; baseline 0 -24"><span class='ocrx_word' id='word_1_71' title='bbox 252 2383 344 2464; x_wconf 88' lang='lat'>1765,</span> <span class='ocrx_word' id='word_1_72' title='bbox 372 2382 509 2460; x_wconf 78' lang='lat' dir='ltr'>Venetiic,</span> <span class='ocrx_word' id='word_1_73' title='bbox 525 2381 578 2446; x_wconf 87' lang='lat' dir='ltr'>ful.</span> <span class='ocrx_word' id='word_1_74' title='bbox 607 2381 681 2467; x_wconf 88' lang='lat' dir='ltr'>(vid.</span> <span class='ocrx_word' id='word_1_75' title='bbox 698 2403 801 2464; x_wconf 85' lang='lat' dir='ltr'>supra,</span> <span class='ocrx_word' id='word_1_76' title='bbox 816 2404 846 2464; x_wconf 91' lang='lat' dir='ltr'>p.</span> <span class='ocrx_word' id='word_1_77' title='bbox 862 2380 951 2464; x_wconf 87' lang='lat' dir='ltr'>lxix.)</span> 
     </span>
    </p>

    <p class='ocr_par' dir='ltr' id='par_1_5' title="bbox 328 2483 1288 3497">
     <span class='ocr_line' id='line_1_14' title="bbox 377 2483 1287 2569; baseline 0 -21"><span class='ocrx_word' id='word_1_78' title='bbox 377 2485 698 2563; x_wconf 76' lang='lat' dir='ltr'>Gnnnnnn1us,tumu</span> <span class='ocrx_word' id='word_1_79' title='bbox 714 2484 734 2547; x_wconf 94' lang='lat' dir='ltr'>i.</span> <span class='ocrx_word' id='word_1_80' title='bbox 758 2507 810 2568; x_wconf 88' lang='lat' dir='ltr'>pp.</span> <span class='ocrx_word' id='word_1_81' title='bbox 825 2503 994 2569; x_wconf 82' lang='lat'>243-303</span> <span class='ocrx_word' id='word_1_82' title='bbox 1011 2483 1093 2546; x_wconf 91' lang='lat' dir='ltr'>Bibl.</span> <span class='ocrx_word' id='word_1_83' title='bbox 1104 2484 1192 2548; x_wconf 87' lang='lat' dir='ltr'>Vett.</span> <span class='ocrx_word' id='word_1_84' title='bbox 1203 2485 1287 2548; x_wconf 86' lang='lat' dir='ltr'>Patt.</span> 
     </span>
     <span class='ocr_line' id='line_1_15' title="bbox 333 2587 1288 2673; baseline -0.001 -21"><span class='ocrx_word' id='word_1_85' title='bbox 333 2588 490 2672; x_wconf 88' lang='lat' dir='ltr'>Epistulas</span> <span class='ocrx_word' id='word_1_86' title='bbox 504 2589 656 2673; x_wconf 82' lang='lat' dir='ltr'>genuinas</span> <span class='ocrx_word' id='word_1_87' title='bbox 671 2612 708 2653; x_wconf 84' lang='lat' dir='ltr'>ex</span> <span class='ocrx_word' id='word_1_88' title='bbox 723 2588 771 2652; x_wconf 90' lang='lat' dir='ltr'>ed.</span> <span class='ocrx_word' id='word_1_89' title='bbox 784 2587 961 2651; x_wconf 86' lang='lat' dir='ltr'>Smithiana</span> <span class='ocrx_word' id='word_1_90' title='bbox 983 2587 1125 2664; x_wconf 89' lang='lat' dir='ltr'>inseruit,</span> <span class='ocrx_word' id='word_1_91' title='bbox 1140 2610 1288 2651; x_wconf 92' lang='lat' dir='ltr'>unacum</span> 
     </span>
     <span class='ocr_line' id='line_1_16' title="bbox 334 2690 1287 2775; baseline 0.001 -21"><span class='ocrx_word' id='word_1_92' title='bbox 334 2691 532 2775; x_wconf 79' lang='lat' dir='ltr'>Fragmentis</span> <span class='ocrx_word' id='word_1_93' title='bbox 557 2697 589 2756; x_wconf 91' lang='lat' dir='ltr'>ct</span> <span class='ocrx_word' id='word_1_94' title='bbox 617 2692 708 2756; x_wconf 83' lang='lat' dir='ltr'>Actis</span> <span class='ocrx_word' id='word_1_95' title='bbox 738 2691 897 2775; x_wconf 85' lang='lat' dir='ltr'>Martyrii.</span> <span class='ocrx_word' id='word_1_96' title='bbox 942 2690 1155 2773; x_wconf 85' lang='lat' dir='ltr'>Epistularum</span> <span class='ocrx_word' id='word_1_97' title='bbox 1184 2692 1287 2756; x_wconf 85' lang='lat' dir='ltr'>textui</span> 
     </span>
     <span class='ocr_line' id='line_1_17' title="bbox 332 2792 1287 2883; baseline -0.002 -25"><span class='ocrx_word' id='word_1_98' title='bbox 332 2794 489 2878; x_wconf 89' lang='lat' dir='ltr'>duplicem</span> <span class='ocrx_word' id='word_1_99' title='bbox 512 2795 657 2877; x_wconf 90' lang='lat' dir='ltr'>apposuit</span> <span class='ocrx_word' id='word_1_100' title='bbox 685 2794 833 2876; x_wconf 88' lang='lat' dir='ltr'>utrinque</span> <span class='ocrx_word' id='word_1_101' title='bbox 857 2792 1041 2883; x_wconf 82' lang='lat' dir='ltr'>versionem,</span> <span class='ocrx_word' id='word_1_102' title='bbox 1066 2793 1196 2856; x_wconf 87' lang='lat' dir='ltr'>alteram</span> <span class='ocrx_word' id='word_1_103' title='bbox 1218 2794 1287 2877; x_wconf 91' lang='lat' dir='ltr'>qui-</span> 
     </span>
     <span class='ocr_line' id='line_1_18' title="bbox 332 2895 1287 2961; baseline 0 0"><span class='ocrx_word' id='word_1_104' title='bbox 332 2898 403 2961; x_wconf 90' lang='lat' dir='ltr'>dem</span> <span class='ocrx_word' id='word_1_105' title='bbox 434 2897 499 2959; x_wconf 91' lang='lat' dir='ltr'>Int.</span> <span class='ocrx_word' id='word_1_106' title='bbox 524 2897 597 2959; x_wconf 92' lang='lat' dir='ltr'>Vet.</span> <span class='ocrx_word' id='word_1_107' title='bbox 622 2897 751 2959; x_wconf 87' lang='lat' dir='ltr'>alteram</span> <span class='ocrx_word' id='word_1_108' title='bbox 775 2895 931 2959; x_wconf 87' lang='lat' dir='ltr'>Cutelerii.</span> <span class='ocrx_word' id='word_1_109' title='bbox 976 2897 1129 2959; x_wconf 83' lang='lat' dir='ltr'>Actorum</span> <span class='ocrx_word' id='word_1_110' title='bbox 1160 2897 1287 2961; x_wconf 87' lang='lat' dir='ltr'>Graecis</span> 
     </span>
     <span class='ocr_line' id='line_1_19' title="bbox 331 2996 1287 3082; baseline 0 -19"><span class='ocrx_word' id='word_1_111' title='bbox 331 2999 476 3063; x_wconf 91' lang='lat' dir='ltr'>similiter</span> <span class='ocrx_word' id='word_1_112' title='bbox 501 3004 633 3082; x_wconf 89' lang='lat' dir='ltr'>utraque</span> <span class='ocrx_word' id='word_1_113' title='bbox 657 3020 695 3061; x_wconf 87' lang='lat' dir='ltr'>ex</span> <span class='ocrx_word' id='word_1_114' title='bbox 720 3005 809 3081; x_wconf 89' lang='lat' dir='ltr'>parte</span> <span class='ocrx_word' id='word_1_115' title='bbox 833 2998 921 3061; x_wconf 85' lang='lat' dir='ltr'>adest</span> <span class='ocrx_word' id='word_1_116' title='bbox 945 2996 1010 3060; x_wconf 91' lang='lat' dir='ltr'>Int.</span> <span class='ocrx_word' id='word_1_117' title='bbox 1035 2998 1108 3061; x_wconf 87' lang='lat' dir='ltr'>Vct.</span> <span class='ocrx_word' id='word_1_118' title='bbox 1136 3004 1168 3061; x_wconf 92' lang='lat' dir='ltr'>et</span> <span class='ocrx_word' id='word_1_119' title='bbox 1187 2999 1287 3064; x_wconf 92' lang='lat' dir='ltr'>versio</span> 
     </span>
     <span class='ocr_line' id='line_1_20' title="bbox 332 3100 1285 3178; baseline -0.001 -11"><span class='ocrx_word' id='word_1_120' title='bbox 332 3101 489 3167; x_wconf 86' lang='lat' dir='ltr'>Ruinarti.</span> <span class='ocrx_word' id='word_1_121' title='bbox 522 3101 773 3178; x_wconf 85' lang='lat' dir='ltr'>Observationes,</span> <span class='ocrx_word' id='word_1_122' title='bbox 789 3124 805 3164; x_wconf 90' lang='lat' dir='ltr'>e</span> <span class='ocrx_word' id='word_1_123' title='bbox 822 3101 978 3178; x_wconf 88' lang='lat' dir='ltr'>Pearsoni,</span> <span class='ocrx_word' id='word_1_124' title='bbox 995 3100 1123 3178; x_wconf 89' lang='lat' dir='ltr'>Smithi,</span> <span class='ocrx_word' id='word_1_125' title='bbox 1138 3102 1285 3166; x_wconf 90' lang='lat' dir='ltr'>aliorum·</span> 
     </span>
     <span class='ocr_line' id='line_1_21' title="bbox 330 3203 1286 3289; baseline -0.001 -21"><span class='ocrx_word' id='word_1_126' title='bbox 330 3228 389 3288; x_wconf 90' lang='lat' dir='ltr'>que</span> <span class='ocrx_word' id='word_1_127' title='bbox 404 3205 498 3282; x_wconf 88' lang='lat' dir='ltr'>notis,</span> <span class='ocrx_word' id='word_1_128' title='bbox 514 3203 719 3289; x_wconf 88' lang='lat' dir='ltr'>subjiciendas</span> <span class='ocrx_word' id='word_1_129' title='bbox 734 3208 916 3267; x_wconf 86' lang='lat' dir='ltr'>contexerat</span> <span class='ocrx_word' id='word_1_130' title='bbox 930 3203 1037 3268; x_wconf 89' lang='lat' dir='ltr'>cadem</span> <span class='ocrx_word' id='word_1_131' title='bbox 1052 3203 1149 3268; x_wconf 86' lang='lat' dir='ltr'>ferme</span> <span class='ocrx_word' id='word_1_132' title='bbox 1164 3205 1286 3267; x_wconf 89' lang='lat' dir='ltr'>ratione</span> 
     </span>
     <span class='ocr_line' id='line_1_22' title="bbox 330 3308 1287 3393; baseline 0.001 -23"><span class='ocrx_word' id='word_1_133' title='bbox 330 3331 391 3393; x_wconf 90' lang='lat' dir='ltr'>qua</span> <span class='ocrx_word' id='word_1_134' title='bbox 414 3309 455 3372; x_wconf 91' lang='lat' dir='ltr'>ad</span> <span class='ocrx_word' id='word_1_135' title='bbox 483 3308 654 3372; x_wconf 88' lang='lat' dir='ltr'>Clementis</span> <span class='ocrx_word' id='word_1_136' title='bbox 677 3308 758 3391; x_wconf 94' lang='lat' dir='ltr'>Epp.</span> <span class='ocrx_word' id='word_1_137' title='bbox 784 3329 859 3369; x_wconf 93' lang='lat' dir='ltr'>usus</span> <span class='ocrx_word' id='word_1_138' title='bbox 885 3312 970 3383; x_wconf 87' lang='lat' dir='ltr'>erat;</span> <span class='ocrx_word' id='word_1_139' title='bbox 1004 3330 1114 3371; x_wconf 89' lang='lat' dir='ltr'>verum</span> <span class='ocrx_word' id='word_1_140' title='bbox 1143 3330 1216 3372; x_wconf 90' lang='lat' dir='ltr'>casu</span> <span class='ocrx_word' id='word_1_141' title='bbox 1236 3308 1287 3372; x_wconf 93' lang='lat' dir='ltr'>vel</span> 
     </span>
     <span class='ocr_line' id='line_1_23' title="bbox 328 3409 948 3497; baseline -0.008 -21"><span class='ocrx_word' id='word_1_142' title='bbox 328 3412 566 3497; x_wconf 87' lang='lat' dir='ltr'>typothetarum</span> <span class='ocrx_word' id='word_1_143' title='bbox 581 3410 700 3474; x_wconf 90' lang='lat' dir='ltr'>incuria</span> <span class='ocrx_word' id='word_1_144' title='bbox 715 3409 848 3473; x_wconf 90' lang='lat' dir='ltr'>omissae</span> <span class='ocrx_word' id='word_1_145' title='bbox 863 3416 948 3472; x_wconf 92' lang='lat' dir='ltr'>sunt.</span> 
     </span>
    </p>

    <p class='ocr_par' dir='ltr' id='par_1_6' title="bbox 247 3520 1096 3600">
     <span class='ocr_line' id='line_1_24' title="bbox 247 3520 1096 3600; baseline -0.007 -13"><span class='ocrx_word' id='word_1_146' title='bbox 247 3522 340 3600; x_wconf 85' lang='lat'>1821,</span> <span class='ocrx_word' id='word_1_147' title='bbox 354 3523 466 3600; x_wconf 81' lang='lat' dir='ltr'>Halae,</span> <span class='ocrx_word' id='word_1_148' title='bbox 482 3521 511 3586; x_wconf 88' lang='lat'>8.</span> <span class='ocrx_word' id='word_1_149' title='bbox 527 3522 604 3584; x_wconf 91' lang='lat' dir='ltr'>min.</span> <span class='ocrx_word' id='word_1_150' title='bbox 627 3522 666 3584; x_wconf 77' lang='grc'>[11</span> <span class='ocrx_word' id='word_1_151' title='bbox 680 3520 820 3584; x_wconf 68' lang='lat' dir='ltr'>Librum</span> <span class='ocrx_word' id='word_1_152' title='bbox 836 3520 1096 3600; x_wconf 74' lang='lat' dir='ltr'>Orptunutrupltei.</span> 
     </span>
    </p>

    <p class='ocr_par' dir='ltr' id='par_1_7' title="bbox 325 3624 1282 4105">
     <span class='ocr_line' id='line_1_25' title="bbox 371 3624 1282 3701; baseline 0 -11"><span class='ocrx_word' id='word_1_153' title='bbox 371 3628 446 3690; x_wconf 78' lang='lat' dir='ltr'>Jun.</span> <span class='ocrx_word' id='word_1_154' title='bbox 463 3627 542 3690; x_wconf 72' lang='lat' dir='ltr'>Cen.</span> <span class='ocrx_word' id='word_1_155' title='bbox 558 3625 721 3701; x_wconf 63' lang='grc' dir='ltr'><strong>’1111οῄ11</strong></span> <span class='ocrx_word' id='word_1_156' title='bbox 743 3647 835 3688; x_wconf 89' lang='lat' dir='ltr'>usum</span> <span class='ocrx_word' id='word_1_157' title='bbox 856 3624 1103 3688; x_wconf 86' lang='lat' dir='ltr'>Praelcctiunum</span> <span class='ocrx_word' id='word_1_158' title='bbox 1118 3627 1282 3690; x_wconf 86' lang='lat' dir='ltr'>Academi-</span> 
     </span>
     <span class='ocr_line' id='line_1_26' title="bbox 328 3729 1282 3815; baseline -0.001 -18"><span class='ocrx_word' id='word_1_159' title='bbox 328 3755 445 3809; x_wconf 89' lang='lat' dir='ltr'>carum,</span> <span class='ocrx_word' id='word_1_160' title='bbox 461 3731 565 3795; x_wconf 87' lang='lat' dir='ltr'>Vossii</span> <span class='ocrx_word' id='word_1_161' title='bbox 580 3736 704 3794; x_wconf 76' lang='lat' dir='ltr'>tentum</span> <span class='ocrx_word' id='word_1_162' title='bbox 726 3729 856 3793; x_wconf 91' lang='lat' dir='ltr'>omnino</span> <span class='ocrx_word' id='word_1_163' title='bbox 873 3729 1078 3792; x_wconf 90' lang='lat' dir='ltr'>immutatum</span> <span class='ocrx_word' id='word_1_164' title='bbox 1094 3731 1179 3814; x_wconf 88' lang='lat' dir='ltr'>typis</span> <span class='ocrx_word' id='word_1_165' title='bbox 1195 3755 1282 3815; x_wconf 89' lang='lat' dir='ltr'>repc-</span> 
     </span>
     <span class='ocr_line' id='line_1_27' title="bbox 327 3832 1282 3918; baseline -0.002 -19"><span class='ocrx_word' id='word_1_166' title='bbox 327 3834 458 3900; x_wconf 91' lang='lat' dir='ltr'>tendum</span> <span class='ocrx_word' id='word_1_167' title='bbox 488 3834 619 3911; x_wconf 84' lang='lat' dir='ltr'>curavit,</span> <span class='ocrx_word' id='word_1_168' title='bbox 645 3840 677 3897; x_wconf 92' lang='lat' dir='ltr'>ct</span> <span class='ocrx_word' id='word_1_169' title='bbox 701 3833 843 3896; x_wconf 88' lang='lat' dir='ltr'>lectionis</span> <span class='ocrx_word' id='word_1_170' title='bbox 873 3832 1087 3896; x_wconf 87' lang='lat' dir='ltr'>diversitatem</span> <span class='ocrx_word' id='word_1_171' title='bbox 1110 3856 1149 3918; x_wconf 85' lang='lat' dir='ltr'>ex</span> <span class='ocrx_word' id='word_1_172' title='bbox 1175 3835 1282 3918; x_wconf 80' lang='lat' dir='ltr'>Ittigii</span> 
     </span>
     <span class='ocr_line' id='line_1_28' title="bbox 325 3935 1280 4022; baseline -0.001 -19"><span class='ocrx_word' id='word_1_173' title='bbox 325 3939 447 4003; x_wconf 86' lang='lat' dir='ltr'>delectu</span> <span class='ocrx_word' id='word_1_174' title='bbox 470 3937 642 4022; x_wconf 89' lang='lat' dir='ltr'>adscripsit.</span> <span class='ocrx_word' id='word_1_175' title='bbox 689 3937 897 4000; x_wconf 88' lang='lat' dir='ltr'>Collationem</span> <span class='ocrx_word' id='word_1_176' title='bbox 916 3935 1077 4019; x_wconf 85' lang='lat' dir='ltr'>praemisit</span> <span class='ocrx_word' id='word_1_177' title='bbox 1091 3959 1198 4000; x_wconf 90' lang='lat' dir='ltr'>eurum</span> <span class='ocrx_word' id='word_1_178' title='bbox 1213 3938 1280 4021; x_wconf 92' lang='lat' dir='ltr'>qui-</span> 
     </span>
     <span class='ocr_line' id='line_1_29' title="bbox 327 4038 1001 4105; baseline -0.006 -1"><span class='ocrx_word' id='word_1_179' title='bbox 327 4040 385 4104; x_wconf 89' lang='lat' dir='ltr'>bus</span> <span class='ocrx_word' id='word_1_180' title='bbox 401 4041 519 4105; x_wconf 88' lang='lat' dir='ltr'>Smitbi</span> <span class='ocrx_word' id='word_1_181' title='bbox 534 4040 669 4104; x_wconf 89' lang='lat' dir='ltr'>recensio</span> <span class='ocrx_word' id='word_1_182' title='bbox 685 4063 704 4103; x_wconf 88' lang='lat' dir='ltr'>a</span> <span class='ocrx_word' id='word_1_183' title='bbox 718 4039 873 4104; x_wconf 89' lang='lat' dir='ltr'>Vossiana</span> <span class='ocrx_word' id='word_1_184' title='bbox 887 4038 1001 4102; x_wconf 86' lang='lat' dir='ltr'>differt.</span> 
     </span>
    </p>

    <p class='ocr_par' dir='ltr' id='par_1_8' title="bbox 244 4149 551 4236">
     <span class='ocr_line' id='line_1_30' title="bbox 244 4149 551 4236; baseline 0 -24"><span class='ocrx_word' id='word_1_185' title='bbox 244 4149 337 4236; x_wconf 82' lang='lat'>1829,</span> <span class='ocrx_word' id='word_1_186' title='bbox 358 4152 504 4236; x_wconf 80' lang='lat' dir='ltr'>Hasaiae,</span> <span class='ocrx_word' id='word_1_187' title='bbox 521 4173 551 4231; x_wconf 86' lang='lat'>4.</span> 
     </span>
    </p>

    <p class='ocr_par' dir='ltr' id='par_1_9' title="bbox 324 4251 1281 4856">
     <span class='ocr_line' id='line_1_31' title="bbox 368 4251 1280 4337; baseline -0.005 -19"><span class='ocrx_word' id='word_1_188' title='bbox 368 4254 404 4317; x_wconf 89' lang='lat' dir='ltr'>C.</span> <span class='ocrx_word' id='word_1_189' title='bbox 431 4255 466 4318; x_wconf 85' lang='lat' dir='ltr'>F.</span> <span class='ocrx_word' id='word_1_190' title='bbox 492 4256 755 4331; x_wconf 74' lang='lat' dir='ltr'>Hununnnuuus,</span> <span class='ocrx_word' id='word_1_191' title='bbox 784 4254 818 4317; x_wconf 91' lang='lat' dir='ltr'>in</span> <span class='ocrx_word' id='word_1_192' title='bbox 854 4253 1007 4337; x_wconf 89' lang='lat' dir='ltr'>particula</span> <span class='ocrx_word' id='word_1_193' title='bbox 1042 4252 1178 4316; x_wconf 86' lang='lat' dir='ltr'>secunda</span> <span class='ocrx_word' id='word_1_194' title='bbox 1209 4251 1280 4314; x_wconf 91' lang='lat' dir='ltr'>libri</span> 
     </span>
     <span class='ocr_line' id='line_1_32' title="bbox 325 4354 1281 4442; baseline -0.004 -20"><span class='ocrx_word' id='word_1_195' title='bbox 325 4381 419 4442; x_wconf 85' lang='lat' dir='ltr'>supra</span> <span class='ocrx_word' id='word_1_196' title='bbox 447 4382 477 4442; x_wconf 93' lang='lat' dir='ltr'>p.</span> <span class='ocrx_word' id='word_1_197' title='bbox 504 4359 570 4435; x_wconf 80' lang='lat' dir='ltr'>lxx,</span> <span class='ocrx_word' id='word_1_198' title='bbox 600 4358 775 4435; x_wconf 89' lang='lat' dir='ltr'>memomti,</span> <span class='ocrx_word' id='word_1_199' title='bbox 805 4358 886 4441; x_wconf 91' lang='lat' dir='ltr'>Epp.</span> <span class='ocrx_word' id='word_1_200' title='bbox 917 4357 957 4420; x_wconf 91' lang='lat' dir='ltr'>ad</span> <span class='ocrx_word' id='word_1_201' title='bbox 984 4356 1152 4431; x_wconf 83' lang='lat' dir='ltr'>Romanus,</span> <span class='ocrx_word' id='word_1_202' title='bbox 1182 4361 1215 4418; x_wconf 91' lang='lat' dir='ltr'>et</span> <span class='ocrx_word' id='word_1_203' title='bbox 1240 4354 1281 4418; x_wconf 89' lang='lat' dir='ltr'>ad</span> 
     </span>
     <span class='ocr_line' id='line_1_33' title="bbox 325 4457 1280 4547; baseline -0.004 -22"><span class='ocrx_word' id='word_1_204' title='bbox 325 4462 531 4547; x_wconf 84' lang='lat' dir='ltr'>Polycarpum</span> <span class='ocrx_word' id='word_1_205' title='bbox 561 4461 660 4525; x_wconf 85' lang='lat' dir='ltr'>edidit</span> <span class='ocrx_word' id='word_1_206' title='bbox 691 4483 708 4524; x_wconf 96' lang='lat' dir='ltr'>e</span> <span class='ocrx_word' id='word_1_207' title='bbox 738 4461 915 4524; x_wconf 87' lang='lat' dir='ltr'>recensione</span> <span class='ocrx_word' id='word_1_208' title='bbox 945 4459 1097 4543; x_wconf 86' lang='lat' dir='ltr'>longiore,</span> <span class='ocrx_word' id='word_1_209' title='bbox 1127 4459 1208 4540; x_wconf 87' lang='lat' dir='ltr'>Epp.</span> <span class='ocrx_word' id='word_1_210' title='bbox 1239 4457 1280 4521; x_wconf 87' lang='lat' dir='ltr'>ad</span> 
     </span>
     <span class='ocr_line' id='line_1_34' title="bbox 324 4560 1279 4650; baseline -0.004 -23"><span class='ocrx_word' id='word_1_211' title='bbox 324 4565 486 4649; x_wconf 88' lang='lat' dir='ltr'>Ephesios,</span> <span class='ocrx_word' id='word_1_212' title='bbox 503 4566 701 4650; x_wconf 88' lang='lat' dir='ltr'>Smyrnaeus,</span> <span class='ocrx_word' id='word_1_213' title='bbox 716 4563 886 4626; x_wconf 74' lang='lat' dir='ltr'>&#39;llallianus</span> <span class='ocrx_word' id='word_1_214' title='bbox 902 4586 918 4626; x_wconf 93' lang='lat' dir='ltr'>e</span> <span class='ocrx_word' id='word_1_215' title='bbox 933 4563 1109 4626; x_wconf 90' lang='lat' dir='ltr'>recensione</span> <span class='ocrx_word' id='word_1_216' title='bbox 1129 4560 1279 4638; x_wconf 89' lang='lat' dir='ltr'>breviore,</span> 
     </span>
     <span class='ocr_line' id='line_1_35' title="bbox 324 4664 1278 4753; baseline -0.004 -22"><span class='ocrx_word' id='word_1_217' title='bbox 324 4691 431 4732; x_wconf 88' lang='lat' dir='ltr'>omnes</span> <span class='ocrx_word' id='word_1_218' title='bbox 460 4668 717 4753; x_wconf 87' lang='lat' dir='ltr'>interpretatione</span> <span class='ocrx_word' id='word_1_219' title='bbox 752 4689 833 4731; x_wconf 91' lang='lat' dir='ltr'>nova</span> <span class='ocrx_word' id='word_1_220' title='bbox 865 4667 1020 4742; x_wconf 73' lang='lat' dir='ltr'>donatas,</span> <span class='ocrx_word' id='word_1_221' title='bbox 1059 4664 1209 4748; x_wconf 89' lang='lat' dir='ltr'>Epistulis</span> <span class='ocrx_word' id='word_1_222' title='bbox 1238 4664 1278 4727; x_wconf 89' lang='lat' dir='ltr'>ad</span> 
     </span>
     <span class='ocr_line' id='line_1_36' title="bbox 324 4767 1164 4856; baseline -0.005 -21"><span class='ocrx_word' id='word_1_223' title='bbox 324 4772 547 4856; x_wconf 84' lang='lat' dir='ltr'>Magnesianus</span> <span class='ocrx_word' id='word_1_224' title='bbox 562 4778 593 4835; x_wconf 87' lang='lat' dir='ltr'>et</span> <span class='ocrx_word' id='word_1_225' title='bbox 608 4770 868 4854; x_wconf 86' lang='lat' dir='ltr'>Philadelphenus</span> <span class='ocrx_word' id='word_1_226' title='bbox 888 4768 1014 4852; x_wconf 90' lang='lat' dir='ltr'>penitus</span> <span class='ocrx_word' id='word_1_227' title='bbox 1034 4767 1164 4831; x_wconf 92' lang='lat' dir='ltr'>omissis.</span> 
     </span>
    </p>

    <p class='ocr_par' dir='ltr' id='par_1_10' title="bbox 241 4873 1275 5055">
     <span class='ocr_line' id='line_1_37' title="bbox 241 4873 917 4961; baseline -0.001 -24"><span class='ocrx_word' id='word_1_228' title='bbox 241 4875 333 4961; x_wconf 87' lang='lat'>1839,</span> <span class='ocrx_word' id='word_1_229' title='bbox 357 4876 512 4957; x_wconf 78' lang='lat' dir='ltr'>lbbinyue,</span> <span class='ocrx_word' id='word_1_230' title='bbox 530 4875 558 4938; x_wconf 91' lang='lat'>8.</span> <span class='ocrx_word' id='word_1_231' title='bbox 584 4875 659 4958; x_wconf 88' lang='lat' dir='ltr'>(vid.</span> <span class='ocrx_word' id='word_1_232' title='bbox 675 4896 779 4958; x_wconf 89' lang='lat' dir='ltr'>supra,</span> <span class='ocrx_word' id='word_1_233' title='bbox 794 4896 824 4956; x_wconf 94' lang='lat' dir='ltr'>p.</span> <span class='ocrx_word' id='word_1_234' title='bbox 840 4873 917 4957; x_wconf 81' lang='lat' dir='ltr'>lxx.)</span> 
     </span>
     <span class='ocr_line' id='line_1_38' title="bbox 365 4973 1275 5055; baseline -0.01 -13"><span class='ocrx_word' id='word_1_235' title='bbox 365 4979 443 5042; x_wconf 73' lang='lat' dir='ltr'>Can.</span> <span class='ocrx_word' id='word_1_236' title='bbox 461 4979 481 5040; x_wconf 89' lang='lat' dir='ltr'>J</span> <span class='ocrx_word' id='word_1_237' title='bbox 483 4997 528 5041; x_wconf 93' lang='lat' dir='ltr'>us.</span> <span class='ocrx_word' id='word_1_238' title='bbox 547 4978 688 5055; x_wconf 77' lang='lat' dir='ltr'>Harma,</span> <span class='ocrx_word' id='word_1_239' title='bbox 702 4976 807 5041; x_wconf 82' lang='lat' dir='ltr'>textui</span> <span class='ocrx_word' id='word_1_240' title='bbox 821 4976 861 5039; x_wconf 91' lang='lat' dir='ltr'>ad</span> <span class='ocrx_word' id='word_1_241' title='bbox 876 4973 1036 5038; x_wconf 84' lang='lat' dir='ltr'>Gallandii</span> <span class='ocrx_word' id='word_1_242' title='bbox 1053 4974 1116 5037; x_wconf 83' lang='lat' dir='ltr'>fere</span> <span class='ocrx_word' id='word_1_243' title='bbox 1138 4978 1275 5034; x_wconf 88' lang='lat' dir='ltr'>montem</span> 
     </span>
    </p>
   </div>
   <div class='ocr_carea' id='block_1_3' title="bbox 321 5074 1276 5266">
    <p class='ocr_par' dir='ltr' id='par_1_11' title="bbox 321 5074 1276 5266">
     <span class='ocr_line' id='line_1_39' title="bbox 321 5074 1276 5165; baseline -0.009 -19"><span class='ocrx_word' id='word_1_244' title='bbox 321 5081 472 5159; x_wconf 80' lang='lat' dir='ltr'>exhibitu,</span> <span class='ocrx_word' id='word_1_245' title='bbox 503 5081 627 5146; x_wconf 92' lang='lat' dir='ltr'>notulas</span> <span class='ocrx_word' id='word_1_246' title='bbox 656 5079 817 5165; x_wconf 88' lang='lat' dir='ltr'>quasdam,</span> <span class='ocrx_word' id='word_1_247' title='bbox 846 5079 961 5163; x_wconf 86' lang='lat' dir='ltr'>partim</span> <span class='ocrx_word' id='word_1_248' title='bbox 998 5100 1080 5156; x_wconf 85' lang='lat' dir='ltr'>suas,</span> <span class='ocrx_word' id='word_1_249' title='bbox 1110 5074 1226 5160; x_wconf 89' lang='lat' dir='ltr'>partim</span> <span class='ocrx_word' id='word_1_250' title='bbox 1259 5097 1276 5138; x_wconf 91' lang='lat' dir='ltr'>e</span> 
     </span>
     <span class='ocr_line' id='line_1_40' title="bbox 321 5178 1243 5266; baseline -0.01 -18"><span class='ocrx_word' id='word_1_251' title='bbox 321 5184 474 5250; x_wconf 87' lang='lat' dir='ltr'>Coteleriu</span> <span class='ocrx_word' id='word_1_252' title='bbox 490 5190 522 5248; x_wconf 90' lang='lat' dir='ltr'>ct</span> <span class='ocrx_word' id='word_1_253' title='bbox 537 5183 649 5248; x_wconf 91' lang='lat' dir='ltr'>Vussiu</span> <span class='ocrx_word' id='word_1_254' title='bbox 664 5183 845 5266; x_wconf 84' lang='lat' dir='ltr'>desumptas</span> <span class='ocrx_word' id='word_1_255' title='bbox 859 5181 1000 5246; x_wconf 89' lang='lat' dir='ltr'>subdidit</span> <span class='ocrx_word' id='word_1_256' title='bbox 1014 5203 1066 5265; x_wconf 92' lang='lat' dir='ltr'>pp.</span> <span class='ocrx_word' id='word_1_257' title='bbox 1085 5178 1243 5260; x_wconf 39' lang='lat'>776116.</span> 
     </span>
    </p>
   </div>
   <div class='ocr_carea' id='block_1_4' title="bbox 0 0 1630 6617">
    <p class='ocr_par' dir='ltr' id='par_1_12' title="bbox 0 0 1630 6617">
     <span class='ocr_line' id='line_1_41' title="bbox 0 0 1630 6617; baseline 0 0"><span class='ocrx_word' id='word_1_258' title='bbox 0 0 1630 6617; x_wconf 95' lang='lat' dir='ltr'> </span> 
     </span>
    </p>
   </div>
  </div>
 </body>
</html>
