3250 6617
557 1055 774 1119 EPISTOLA
797 1055 844 1132 ΙΙ,
860 1056 902 1131 iv,
919 1080 948 1116 v.
1211 1058 1276 1123 237

233 1226 305 1303 biis
338 1254 394 1301 mc
428 1229 607 1303 honoror:
646 1255 710 1301 cor
740 1241 862 1301 cutem
893 1254 1018 1301 eorum
1047 1228 1150 1326 leupo
1177 1229 1276 1303 obest
1290 1253 1440 1304 meave.

233 1371 256 1417 α
283 1372 348 1418 me.

283 1461 350 1535 IV.
370 1460 455 1535 Non
472 1463 579 1537 modo
596 1462 712 1561 igitur
727 1462 849 1560 ipsum
867 1488 1037 1537 vocemus
1055 1464 1273 1552 Dominum;

233 1578 271 1652 id
288 1578 385 1651 enim
402 1605 476 1651 non
493 1578 650 1652 saivabit
666 1604 733 1651 nos
748 1607 755 1653 :
773 1577 954 1676 siquidem
971 1581 1034 1665 sit,
1051 1582 1140 1654 Non
1158 1580 1276 1655 omnis
1290 1609 1365 1658 nait.
1376 1611 1410 1658 vu

234 1694 300 1793 qui
324 1695 417 1769 dicit
443 1695 546 1782 inibi,
564 1695 736 1781 Domine,
761 1694 932 1782 Domine,
958 1696 1186 1781 sulcabitur,-
1212 1697 1276 1771 sed
1292 1690 1328 1723 ²¹·

235 1811 301 1908 qui
317 1810 419 1908 facit
441 1811 640 1909 justitiam.
692 1812 836 1910 Itaque,
864 1812 1006 1898 fratres,
1036 1813 1075 1885 in
1106 1814 1276 1913 operibus

234 1928 354 2027 ipsum
379 1930 638 2018 confiteamur3
665 1930 703 2002 in
729 1929 914 2029 diligendo
934 1930 996 2003 alii
1016 1930 1115 2017 aiios,
1138 1931 1177 2004 in
1202 1957 1276 2003 non

234 2044 483 2129 adulterando,
522 2072 639 2144 neque
679 2045 916 2120 obtrectando
959 2047 1123 2133 invicem,
1156 2074 1408 2156 nequessmb,

234 2161 475 2249 aemuland03
515 2162 580 2236 sed
609 2161 767 2235 vivendo
801 2163 839 2234 in
874 2163 1108 2249 continentia
1138 2165 1276 2238 miseri-
1289 2161 1314 2193 Ν
1331 2159 1369 2195 ¹¹·

234 2278 365 2364 cordia,
382 2279 570 2366 bonitate;
598 2289 637 2352 et
653 2280 899 2377 compassione
922 2291 1053 2354 mutua
1070 2281 1153 2355 duci
1170 2280 1278 2356 debe·

235 2421 328 2481 mus,
353 2405 394 2469 at
419 2422 493 2469 non
518 2396 692 2494 pecuniae
717 2395 942 2494 cupiditate:
969 2397 1007 2468 in
1028 2397 1085 2470 his
1110 2397 1279 2495 operibus

236 2512 473 2587 confiteamur
497 2512 628 2595 Deum,
654 2539 726 2585 non
754 2522 879 2585 autem
909 2513 947 2585 in
975 2512 1186 2600 contrariis;
1214 2541 1279 2588 nec

235 2628 390 2702 timendi
406 2630 511 2703 nobis
527 2640 615 2702 sunt
631 2629 805 2713 homines,
823 2628 888 2702 sed
912 2628 1037 2727 potius
1054 2628 1167 2704 Deus.
1217 2630 1278 2706 Id-

235 2745 338 2829 circo
364 2746 468 2819 nobis
494 2746 583 2819 haec
609 2744 836 2831 facientibus,
865 2745 962 2819 dixit
994 2746 1198 2835 Dominus;
1231 2747 1279 2821 Si

228 2861 387 2959 fueritis
416 2887 557 2935 niceam
585 2861 798 2958 concrepari
827 2862 867 2934 iu
895 2863 981 2936 sinn
1015 2891 1104 2949 meo,
1139 2878 1170 2937 et
1206 2891 1278 2938 nou

228 2979 401 3077 feceritis
430 2978 613 3052 mandatu
640 3006 732 3064 rnen,
762 2977 940 3076 obj-iciam
971 3007 1054 3065 oos;
1091 2995 1123 3055 ct
1151 2980 1278 3055 dicum
1293 3014 1412 3063 Mam

237 3096 346 3183 vobis,
364 3094 555 3170 Discedite
578 3122 603 3168 α
628 3122 711 3179 mm·
737 3096 858 3169 risseio
881 3124 951 3183 coe,
970 3098 1067 3171 unde
1084 3098 1175 3185 sirie,
1195 3126 1277 3197 ope·
1291 3095 1444 3208 ibina.

236 3213 339 3287 rarii
367 3213 584 3311 iniquitatis.

286 3330 331 3404 V.
360 3331 481 3417 Unde,
502 3330 643 3417 fratres
662 3331 834 3404 derelicta
860 3331 1148 3430 peregrinatione
1175 3359 1278 3404 mun-

237 3448 341 3532 dana,
359 3448 535 3521 faciamus
550 3448 778 3520 voluntatem
801 3445 880 3544 ejus
905 3447 968 3544 qui
985 3448 1130 3521 vocavit
1146 3474 1222 3533 nos,
1241 3458 1279 3521 et

238 3640 268 3697 in
284 3639 368 3698 Mser
382 3661 439 3697 non
456 3647 569 3698 exstare
590 3638 737 3696 contendit
777 3640 879 3711 ηγμένοι
907 3662 928 3694 κ.
943 3662 965 3693 τ.
982 3640 1022 3711 λ.]
1051 3637 1187 3695 Periodus
1215 3638 1276 3705 ista,

238 3720 355 3778 Minius.
399 3722 495 3793 Recte,
518 3729 551 3779 ut
578 3720 649 3777 mihi
676 3719 736 3795 qui·
778 3720 855 3795 quod
868 3719 978 3777 auctori
990 3726 1087 3776 nostro
1096 3718 1211 3776 solenne
1225 3728 1277 3791 est,

238 3803 305 3860 dem
316 3803 429 3861 videtur
440 3824 448 3874 3
462 3803 628 3859 membrana
641 3808 737 3859 autem
779 3820 815 3859 ex
842 3800 940 3859 multis
968 3800 996 3858 S.
1020 3800 1184 3876 Scripturae
1208 3800 1277 3858 iocis

239 3884 361 3943 lacerata
385 3892 414 3942 et
432 3905 450 3940 e
471 3884 634 3960 bibliopego
655 3882 737 3939 inhu-
777 3882 925 3941 conflatur.
970 3882 1037 3940 Non
1065 3881 1142 3939 enim
1163 3888 1277 3939 tantum

239 3966 362 4024 maniter
395 3967 517 4023 abscissa
551 3985 603 4022 nos
632 3964 737 4022 diserte
778 3965 934 4041 respexisse
948 3964 1063 4022 videtur
1077 3963 1160 4021 Matt.
1174 3963 1212 4020 vii
1230 3982 1276 4037 23,

239 4047 424 4124 pronuntiare
438 4053 524 4105 vetat.
557 4046 693 4119 Herelius,
708 4047 736 4103 in
778 4047 827 4104 sed
848 4046 934 4104 etiam
950 4045 1024 4103 Esai.
1040 4045 1070 4101 xl
1089 4064 1133 4111 11,
1148 4065 1199 4104 nec
1219 4065 1276 4102 non

239 4129 302 4187 edd.
318 4137 385 4205 post
397 4128 528 4206 primam,
544 4127 681 4185 Rothium
695 4149 737 4187 se·
778 4128 836 4185 Jer.
853 4127 913 4184 xxii
931 4147 975 4197 ²4·
998 4125 1109 4184 FELL.
1160 4126 1275 4184 Procul-

240 4218 332 4280 cutus,
342 4230 396 4287 pro
404 4214 520 4266 τὸνθεόν
528 4208 644 4267 exhibet
654 4213 735 4266 αὐτόν.
779 4208 866 4266 dubio
880 4208 925 4265 hic
939 4216 983 4267 est
997 4228 1071 4266 unus
1090 4228 1127 4266 ex
1146 4207 1181 4266 iis
1199 4208 1276 4277 locis,

285 4310 329 4365 13.
354 4289 438 4372 το[ὺς]
468 4293 614 4362 ἀνθρώπους
640 4295 740 4361 μᾶλλον
779 4310 864 4366 quem
891 4290 1017 4366 respexit
1039 4289 1166 4361 Photide,
1188 4309 1277 4366 quum

241 4399 263 4430 κ.
273 4399 295 4431 τ.
307 4370 346 4453 λ.]
371 4373 533 4444 Wottonus,
549 4372 676 4430 Boisium
694 4393 736 4430 se·
779 4372 948 4442 observavit,
976 4372 1053 4447 qnod
1078 4371 1188 4429 Auctor
1213 4373 1277 4444 ῥητά

240 4463 331 4526 cubus,
346 4462 429 4531 putat
442 4454 488 4511 vel
502 4453 654 4511 delendum
674 4460 739 4525 μὰλ-
778 4478 833 4509 rava
846 4457 880 4510 dn·
893 4455 943 4509 ἀπὸ
957 4458 1001 4522 τῆς
1018 4453 1086 4511 θείας
1098 4457 1200 4527 γραφῆς
1213 4456 1276 4522 ξενί-

240 4542 294 4607 λον,
307 4536 353 4595 vel
374 4535 526 4612 legendum
545 4540 645 4606 μᾶλλον
661 4537 676 4606 ἦ
695 4541 740 4592 τὸν
779 4540 853 4604 (om
870 4538 1029 4607 παρεισάγει.
1065 4533 1148 4607 [Cod
1165 4531 1272 4614 cxxvi]

241 4623 311 4675 θεόν.
356 4617 465 4674 Birrius
478 4625 575 4674 tamen
589 4637 646 4675 non
660 4617 737 4675 solli·
780 4615 914 4673 Citantur
941 4615 1017 4673 enim
1044 4635 1080 4672 ex
1105 4615 1278 4692 Apocrypho

240 4700 383 4757 citandam
404 4699 482 4756 MSti
501 4698 652 4757 lectionem
673 4720 738 4758 con-
779 4696 875 4772 aliquo
888 4696 1003 4773 scripto,
1018 4697 1095 4772 quod
1108 4696 1201 4754 adhuc
1221 4717 1276 4754 non

240 4780 340 4839 tendit.
385 4779 431 4838 Sic
452 4779 529 4837 enim
549 4780 616 4844 fere,
634 4780 737 4857 inquit.
779 4786 895 4844 exstst3
935 4777 983 4836 Sic
1004 4778 1093 4836 Cotel.
1117 4787 1279 4854 quoquest

241 4863 314 4920 infra
333 4861 347 4937 §
367 4880 412 4932 10,
431 4866 470 4916 καὶ
493 4863 621 4933 διώξωμιν
641 4867 740 4932 μᾶλλον
780 4861 928 4918 Constant.
962 4858 1056 4916 forsan
1070 4878 1106 4916 er
1121 4859 1278 4936 Evangelio

241 4968 262 5001 κ.
275 4968 297 5001 r.
312 4949 338 4999 λ.
382 4943 439 5001 Sed
453 4949 482 5001 et
496 4943 570 5001 male
583 4942 738 5019 distingne·
779 4940 934 4998 secundum
944 4940 1109 5018 Aegyptios,
1115 4941 1192 5017 quod
1200 4942 1277 5018 paul-

240 5026 311 5083 bant
331 5034 397 5083 ante
417 5030 516 5095 μᾶλλον
537 5024 623 5101 prius.
648 5022 740 5082 GAL-
782 5022 810 5080 lo
838 5022 911 5079 infra
937 5019 966 5101 [t
990 5024 1038 5094 12]
1068 5022 1182 5092 citetur,
1206 5023 1280 5084 sicut

241 5106 360 5164 LAND.
782 5124 818 5162 ex
848 5102 995 5162 Clemente
1023 5103 1104 5161 Alex.
1136 5103 1277 5163 discimus.

287 5202 330 5259 15.
345 5190 406 5244 Ἐὰν
421 5188 463 5255 ἥτε
486 5189 540 5257 μετ’
566 5183 656 5265 ἐμο[ῦ]
681 5210 740 5242 συν-
781 5184 963 5244 WOTTON.
