3250 6617
1127 1117 1236 1181 ΕΤ
1283 1115 1953 1179 FORMULARUM.
2594 1116 2676 1178 13

486 1289 566 1343 καὶ
613 1291 642 1341 6
688 1289 893 1354 μέλλων
936 1285 1029 1342 δύο
1075 1286 1264 1357 ἐχθροί.
1318 1283 1494 1343 Clem.

490 1368 553 1425 II
610 1369 662 1423 6.
758 1369 945 1426 εἰδότες
1000 1367 1080 1422 ὅτι
1133 1367 1187 1422 έν
1236 1369 1420 1439 χερσὶν
1472 1371 1501 1421 6

487 1452 623 1506 αἰών.
673 1461 725 1521 7.
809 1452 880 1506 εἰς
923 1448 1162 1521 δεύτερον
1205 1451 1286 1504 καὶ
1329 1447 1501 1521 ἀγήρω

488 1534 653 1587 αἰῶνα.
721 1528 1213 1624 Ἑω8111..ἱ.’ίνα
1266 1529 1501 1602 ῥυθμήσῃ

487 1615 605 1670 τοὺς
631 1613 824 1670 αἰῶνας.
855 1610 974 1669 viii.
1058 1614 1120 1681 τῇ
1147 1611 1501 1684 προωρισμένῃ

487 1697 589 1767 πρὸ
615 1695 852 1748 αἰώνων..
863 1694 1140 1763 ἐκκλησίᾳ.
1187 1690 1317 1768 Ῑ811.
1351 1690 1498 1768 Eph.

491 1775 668 1832 Inscr.
769 1776 1036 1844 ἐκκλησίας
1087 1776 1178 1844 τῆς
1230 1773 1504 1843 διαβοήτου

489 1861 597 1915 τοῖς
639 1858 832 1912 αἰῶσιν.
889 1858 941 1913 8.
1042 1858 1131 1924 τῆς
1179 1856 1505 1913 διδασκαλίας

488 1943 580 1994 τοῦ
632 1941 879 2010 ἄρχοντος
931 1942 1022 1992 τοῦ
1075 1937 1251 1995 αἰῶνος
1303 1936 1498 1993 τοῦτου.

501 2034 586 2091 17.
674 2022 770 2073 Καὶ
811 2020 998 2074 ἔλαθεν
1030 2020 1120 2074 τὸν
1154 2019 1375 2090 ἄρχοντα
1413 2022 1504 2072 τοῦ

490 2104 665 2159 αἰῶνος
690 2100 887 2156 τούτου.
934 2118 1023 2175 19.
1108 2105 1228 2157 Πῶς
1256 2099 1346 2155 οὖν
1372 2101 1501 2172 ε’φα-

493 2184 683 2255 νερώθη
709 2186 815 2239 τοῖς
842 2185 1050 2252 αἰῶσιν;
1077 2179 1151 2237 ib.
1217 2182 1308 2251 τὴν
1331 2184 1507 2237 πᾶσαν

494 2264 727 2337 έπῆρειαν
771 2269 862 2318 τοῦ
903 2264 1149 2337 ἄρχοντος
1193 2267 1284 2317 τοῦ
1329 2262 1507 2318 αἰῶνος

492 2346 687 2402 τοῦτου.
740 2343 934 2420 Magn.
975 2362 1022 2400 1.
1108 2343 1164 2401 δς
1189 2345 1290 2416 πρὸ
1316 2344 1509 2398 αἰώνων

493 2429 631 2498 παρὰ
658 2429 821 2497 Πατρῖ
847 2425 920 2495 ἥιᾼ
953 2425 1007 2481 6.
1069 2426 1123 2479 έν
1149 2420 1183 2495 ᾗ
1211 2423 1507 2479 καταλύεται

496 2512 526 2562 6
552 2509 725 2580 ἅρχων
756 2512 848 2562 τοῦ
882 2509 1058 2563 αἰῶνος
1092 2505 1289 2560 τούτου.
1333 2503 1503 2562 Trall.

499 2610 551 2659 4.
622 2592 675 2644 αἰ
699 2592 960 2653 βασιλεῖαι
985 2591 1078 2642 τοῦ
1103 2589 1279 2643 αἰῶνος
1306 2586 1502 2642 τούτου.

498 2669 677 2727 Rom..
713 2671 764 2727 6.
848 2670 908 2723 ‘O
962 2670 1137 2743 ἅρχων
1188 2673 1281 2722 τοῦ
1333 2669 1508 2724 αἰῶνος

496 2751 693 2807 τούτου.
740 2764 791 2824 7.
886 2751 1087 2823 ε’νέδρας
1126 2754 1217 2804 τοῦ
1262 2750 1509 2820 ἄρχοντος

497 2837 589 2889 τοῦ
614 2833 791 2891 αἰῶνος
813 2830 1011 2888 τούτου.
1043 2829 1258 2888 Philad.
1292 2831 1344 2887 6.
1428 2829 1508 2885 ἵνα

498 2915 593 2984 ἄρῃ
661 2913 935 2984 σύσσημον
992 2914 1064 2970 εἰς
1129 2914 1246 2970 τοὺς
1311 2913 1503 2969 αἰῶνας.

501 2994 725 3072 Smyrn.
767 3013 815 3051 1.
899 2996 955 3050 έν
977 2998 1049 3070 τῷ
1090 2999 1176 3049 νῦν
1201 2996 1353 3049 αἰῶνι.
1401 2991 1509 3050 Po-

498 3076 603 3153 lyc.
637 3075 780 3133 Phil.
809 3091 859 3148 5.
946 3078 1006 3131 οῦ
1031 3078 1132 3149 γὰρ
1158 3077 1247 3131 τὸν
1271 3079 1360 3130 νῦν
1384 3073 1507 3148 ἦγό-

498 3182 671 3228 πησαν
696 3160 862 3214 αἰῶνα.
899 3178 948 3232 9.
1011 3159 1082 3215 εἰς
1108 3159 1301 3214 αἰῶνας.
1334 3154 1506 3213 Mart.

501 3239 629 3316 1811.
666 3254 694 3311 7
739 3246 798 3297 et
826 3239 998 3297 Mart.
1030 3237 1219 3313 Polyc.
1256 3256 1346 3294 2ο.
1385 3282 1390 3287 .
1432 3240 1512 3292 καὶ

502 3327 589 3375 νῦν
613 3324 695 3376 καὶ
730 3322 801 3377 εἰς
836 3323 951 3377 τοὺς
993 3321 1283 3388 μέλλοντας
1313 3320 1507 3377 αἰῶνας.

502 3399 673 3458 Mart.
734 3400 921 3476 Polyc.
978 3418 1064 3470 14.
1148 3399 1515 3465 βασιλεύοντος

503 3483 558 3536 δέ
594 3483 665 3539 εἰς
694 3484 812 3539 τοὺς
850 3483 1030 3538 αἰῶνας
1060 3481 1233 3550 Ἰησοῦ
1269 3486 1509 3554 Χριστοῦ.

508 3580 598 3619 21.
682 3564 752 3620 εἰς
791 3565 909 3621 τοὺς
948 3564 1127 3619 αἰῶνας
1165 3569 1266 3618 τῶν
1303 3565 1509 3618 αἰώνων.

507 3663 580 3701 22
625 3649 685 3702 et
723 3642 902 3702 Clem.
949 3643 981 3700 1
1024 3662 1118 3718 32,
1162 3645 1257 3717 38,
1302 3662 1396 3717 43,
1436 3657 1512 3715 45

503 3726 607 3791 bis,
638 3739 731 3798 50.

423 3809 644 3866 Αἰώνως.
688 3809 866 3879 θρόνος
891 3809 1099 3864 αἰώνως.
1146 3805 1323 3864 Clem.
1356 3803 1389 3860 Ῑ
1414 3819 1508 3878 59.

506 3889 676 3948 Mart.
711 3888 900 3965 Polyc.
937 3906 1026 3945 21.
1111 3889 1391 3944 ἀνάπαυσις
1427 3889 1518 3956 τῆς

502 3969 795 4042 μελλούσης
819 3972 1089 4036 βασιλείας
1113 3972 1197 4025 καὶ
1231 3972 1356 4038 ζωῆς
1395 3969 1513 4024 αἰω-

503 4055 626 4108 νίου.
660 4050 838 4109 Clem.
870 4050 938 4107 II
969 4065 1022 4123 5.
1105 4052 1252 4106 οὐδέν
1277 4050 1402 4120 ἡμᾶς
1427 4048 1517 4123 ῥῦ-

505 4156 650 4188 σεται
691 4135 746 4189 ἐκ
785 4137 875 4203 τῆς
908 4134 1110 4188 αἰωνίου
1140 4135 1412 4189 κολάσεως.
1460 4131 1512 4187 6.

505 4215 780 4287 ληψόμεθα
807 4216 936 4285 ζωὴν
961 4216 1168 4270 αἰώνων.
1202 4214 1256 4269 8.
1325 4211 1403 4268 ἵνα
1427 4214 1520 4281 τὴν
1583 4214 1611 4239 ”

507 4298 705 4352 αἰώνων
731 4298 859 4366 ζωὴν
883 4297 1237 4364 ἀπολάβωμεν.
1266 4292 1342 4350 ib.
1402 4298 1513 4347 Δῶ-

506 4376 1224 4453 μενοῦναῦτῷῒαίώνων.ῒ
1267 4392 1321 4447 9.
1404 4374 1520 4445 ἡμῖν

510 4460 565 4514 δε
612 4460 838 4531 σωτηρία
875 4461 959 4514 καὶ
997 4459 1096 4528 ζωὴ
1128 4459 1340 4514 αἰώνως.
1381 4453 1514 4531 Ῐ811.

1577 1529 1898 1603 Άκάοαρτο..

1567 1692 1823 1764 ‘Anapum

1580 2181 1969 2250 Ἀκατάληπτος.

1592 3807 1862 3876 Ἀκίνητος.

1657 1286 1830 1356 Ἰησοῦ
1852 1290 2079 1362 Χριστῷ.
2108 1283 2188 1342 ib.
2273 1288 2344 1344 εἰς
2368 1286 2459 1356 τὴν
2477 1287 2676 1341 αἰώνων

1660 1369 1814 1423 αὐτοῦ
1840 1369 2125 1433 βασιλείαν.
2164 1384 2253 1425 2ο.
2340 1369 2517 1441 θρόνος
2555 1370 2673 1423 αἰώ-

1660 1471 1778 1507 νως.
1828 1467 1857 1504 2
1872 1467 1917 1505 1.

1944 1533 2033 1600 τῆς
2051 1531 2336 1604 ἀκαθάρτου
2361 1533 2668 1603 φιλοτιμίας.

1662 1610 1994 1687 Mart.1gn.
2030 1624 2081 1683 5.

1907 1694 1975 1762 μὴ
2018 1697 2183 1747 εὔνοια
2225 1693 2426 1765 ἄκαιρος
2455 1693 2676 1765 γένησθε

1660 1797 1761 1844 μοι.
1807 1773 1934 1850 Ῑ811.
1968 1773 2132 1831 Rom.
2167 1794 2219 1844 4.

1579 1853 1796 1911 Ἀκακία.
1879 1858 1951 1910 Τὸ
1994 1857 2093 1928 γὰρ
2137 1858 2266 1925 ζῶον
2305 1855 2510 1910 ἀκακίαν
2548 1857 2669 1928 ἔχει.

1665 1935 1843 1994 clem.
1877 1935 2105 2011 Fmgm.
2135 1935 2256 1993 viii.

1571 2017 1806 2076 Ἀκακος.
1881 2017 2099 2075 Ἀκακος
2125 2020 2181 2073 δὲ
2208 2022 2237 2072 6
2263 2018 2440 2090 Πατὴρ
2467 2022 2673 2087 Πνεῦμα

1661 2101 1844 2155 ἔδωκεν
1867 2099 2064 2155 ἄκακον.
2098 2096 2274 2156 Clem.
2302 2097 2530 2174 Fragm.
2552 2097 2669 2155 viii.

2054 2185 2115 2250 τῇ
2156 2180 2489 2256 ἀκαταλήπτφ
2522 2182 2677 2239 αὐτοῦ
2746 2231 2750 2234 ,

1666 2261 1888 2318 συνέσει.
1934 2259 2113 2318 Clem.
2146 2260 2177 2316 I
2209 2280 2301 2335 33.

1581 2343 1973 2398 Ἀκαταστασία.
2057 2342 2147 2398 Ἐκ
2171 2342 2380 2399 τούτου.
2395 2344 2677 2415 ..διωγμὸς

1665 2427 1749 2479 καὶ
1790 2425 2153 2480 ἀκαταστασία.
2197 2422 2374 2482 Clem.
2419 2422 2449 2479 Ι
2484 2443 2536 2497 3.
2621 2425 2677 2478 έν

1664 2506 1926 2575 ἀλαζονείᾳ
1952 2507 2032 2560 καὶ
2057 2506 2418 2577 ἀκαταστασία.
2458 2523 2481 2560 1
2495 2526 2546 2576 4.
2605 2505 2675 2574 μὴ

1664 2587 2014 2642 ἀκαταστασία
2038 2587 2239 2659 γένηται
2271 2589 2325 2642 ἐν
2348 2591 2421 2663 τῷ
2444 2586 2671 2660 Ἰσραήλ.

1668 2685 1767 2742 43.
1851 2672 1881 2723 6
1906 2671 2032 2725 λαός
2055 2691 2154 2740 μου
2181 2669 2555 2725 ἀκαταστασίας
2581 2714 2591 2724 .
2617 2713 2629 2725 .
2659 2711 2672 2722 .

1665 2751 1834 2822 ἔσχεν.
1881 2748 1946 2805 Π
1982 2766 2006 2805 1
2023 2767 2070 2805 1.

1582 2831 1970 2903 Ἀκατάσχετος.
2054 2832 2384 2907 ἀκατασχέτφ
2412 2832 2633 2905 Oqu..

1669 2914 1872 2978 ἐπεβόα.
1919 2911 2374 2988 Mart.Polye.1
2388 2931 2440 2968 2.

1585 2993 1913 3066 Ἀκαυχησία.
2025 2994 2080 3049 ἐν
2129 2994 2414 3066 ἀκαυχησίᾳ
2473 2995 2675 3063 μενέτω.

1669 3075 1795 3152 1811.
1828 3074 2018 3151 Polyc.
2049 3089 2101 3147 5.

1585 3157 1858 3230 Ἀκέραιος.
1920 3159 2197 3230 εἰλικρινεῖς
2224 3160 2303 3213 καὶ
2330 3157 2547 3228 ἀκέραιοι
2573 3155 2676 3227 ἦτε.

1672 3238 1848 3297 clem.
1881 3238 1914 3294 Ῑ
1946 3256 1995 3294 2.
2081 3242 2142 3294 τὸ
2178 3238 2406 3310 ἀκέραιον
2433 3284 2446 3296 .
2471 3283 2483 3295 .
2509 3280 2522 3294 .
2551 3238 2677 3305 βού-

1670 3324 1804 3390 λημα
1830 3321 2257 3388 ἀποδειξάτωσαν.
2295 3338 2326 3375 2
2340 3338 2385 3376 1.
2432 3320 2677 3392 ἀκέραιος,

1671 3404 1796 3458 ὡσεὶ
1840 3403 2131 3473 περιστερά.
2203 3399 2329 3477 Igu.
2381 3400 2569 3476 Polyc.
2626 3420 2675 3458 2.

1672 3485 1919 3547 δεδοικὼς,
1960 3481 2029 3553 μή
2068 3505 2178 3536 τινα
2213 3488 2315 3537 τῶν
2338 3527 2352 3540 .
2377 3528 2389 3540 .
2414 3526 2426 3538 .
2456 3483 2681 3554 ἀκεραιο-

1672 3563 1830 3636 τέρων
1853 3564 2107 3631 ἀποβάλῃ.
2155 3561 2325 3620 Mart.
2360 3563 2484 3639 Ign.
2523 3580 2569 3619 1.

1589 3646 1887 3702 Ἀκίνδυνος.
1931 3647 1986 3698 έν
2012 3640 2086 3700 οἷς
2111 3643 2367 3702 ἀκίνδυνος
2386 3645 2416 3714 ἢ
2438 3645 2677 3718 ὑποταγὴ.

1675 3725 1804 3802 1811.
1834 3723 2062 3799 Fragm.
2092 3722 2177 3780 iii.

1976 3806 2209 3878 ἐπιγνοὺς
2244 3851 2255 3863 .
2280 3853 2291 3863 .
2316 3850 2329 3863 .
2358 3809 2419 3861 τὸ
2460 3807 2687 3875 ἀκίνητον

1676 3890 1842 3944 αὐτοῦ.
1876 3884 2001 3962 Ῑ811.
2036 3885 2253 3945 Philad.
2287 3906 2337 3945 1.
2421 3910 2688 3960 κατηρτισ-

1674 3969 1851 4040 μένους
1886 3969 1942 4024 έν
1972 3969 2184 4047 ἀκινήτῳ
2221 3971 2409 4027 πίστει.
2458 3967 2683 4045 Smyrn.

1683 4069 1731 4106 1.
1816 4052 1885 4109 ὥς
1930 4050 2015 4106 ἐπὶ
2056 4050 2247 4124 πέτραν
2286 4053 2531 4122 ἀκίνητον.
2581 4049 2687 4109 Po-

1676 4131 1782 4206 lyc.
1823 4149 1870 4188 1.

1610 4223 1858 4269 Ακκεπτα.
1942 4212 2024 4270 ἵνα
2062 4215 2127 4269 τὰ
2164 4215 2384 4268 ἅκκεπτα
2410 4214 2547 4282 ὑμῶν
2570 4214 2689 4283 ἀξια

1678 4296 1977 4366 κομίσησθε.
2021 4295 2148 4372 Igu.
2182 4293 2370 4369 Polyc.
2404 4295 2457 4351 6.

1586 4375 1812 4446 Ἀκμων.
1854 4378 2052 4450 ἑδραῖος
2078 4379 2146 4434 ὣς
2172 4377 2342 4446 ἄκμων
2364 4379 2685 4445 τυπτόμενος.

511 4538 655 4616 Eph.
695 4540 782 4595 18.
867 4541 1029 4596 ῦύδεν
1052 4541 1371 4610 φαινόμενον,
1398 4537 1517 4591 αἰώ-
1595 4539 1612 4562 ⁸
1725 4540 1779 4640 ’ζ

509 4643 628 4676 νων.
658 4620 823 4678 Rom.
851 4639 904 4695 3.
988 4621 1124 4693 χαρὰ
1148 4621 1360 4676 αἰώνιος.
1387 4615 1516 4695 Ign-

512 4700 729 4759 Philad.
759 4701 937 4760 Inscr.

511 4787 593 4840 καὶ
620 4786 719 4855 ζωὴ
744 4786 956 4842 αἰώνως.
988 4781 1180 4859 Polyo.
1214 4799 1262 4838 2.
1330 4782 1518 4838 11111111-

512 4865 1120 4941 ξασθῆτεαίωνίφὲργφ.
1151 4863 1210 4921 8.
1294 4862 1522 4931 &ruffi-
1598 4866 1614 4886 “

514 4970 619 5002 νων
643 4950 856 5003 κόλασιν
879 4947 1310 5019 έξαγοραζόμνῠι
1346 4942 1518 5002 Mmt-

515 5026 704 5105 Polye.
739 5045 792 5084 2.
860 5031 922 5084 τὸ
945 5029 1145 5083 ethnon
1166 5026 1250 5081 και
1270 5022 1522 5098 μηθέππ

513 5110 994 5182 σβεννύμενονπῦρ.
1025 5105 1105 5166 ib.
1180 5102 1518 5178 τηςμεῌω

515 5215 614 5260 σης
636 5193 852 5266 κρίσεως
887 5191 969 5246 καὶ
1004 5189 1205 5246 αἰωνίου
1242 5190 1518 5246 :nanim-m.

523 5290 613 5330 11.
692 5273 766 5331 εἰς
807 5272 1093 5329 ἀνάστασιν
1128 5271 1258 5341 (σῆς
1301 5270 1522 5330 αἰωνίου.

524 5371 613 5425 14.
697 5350 1526 5430 σὺντῷαἰονίρηὶέπσνραῴ

1016 4703 1078 4756 τὸ
1103 4700 1229 4771 ema
1254 4702 1522 4774 αφὼρσεα
1598 4702 1610 4726 ’
