3250 6617
342 1068 383 1129 ta
708 1063 740 1125 S.
765 1060 1021 1126 CLEMENTIS

341 1238 518 1344 adrepe]
538 1271 592 1336 με,
610 1241 667 1315 καὶ
695 1236 759 1315 τὸν
782 1232 878 1314 οἷκον
900 1243 963 1314 τοῦ
987 1229 1123 1335 πατρός
1146 1231 1255 1337 μο[υ].
1317 1234 1390 1311 Καὶ

342 1363 443 1446 εἶπαν
469 1368 572 1470 αὐτῇ,
592 1361 730 1444 Ἔσται
757 1365 882 1460 οὕτως,
913 1366 962 1447 ὡς
988 1357 1174 1459 ε’λθλησας
1196 1359 1293 1458 ἡμῖν·
1341 1361 1392 1443 ὡς

343 1495 404 1574 ἐὰν
415 1494 477 1572 οὖν
495 1495 617 1598 γνῲ[ς]
631 1490 933 1595 παραγινομένους
949 1490 1053 1588 ἡμᾶς,
1068 1483 1235 1590 συνθξεις
1252 1483 1392 1569 πάντας

344 1618 426 1705 τοὺς
454 1617 542 1704 σοὺς
572 1617 640 1698 ὑπὸ
668 1617 710 1698 τὸ
738 1617 869 1720 στέγος
892 1653 976 1714 σου,
1004 1620 1063 1696 καὶ
1088 1615 1389 1716 διασωθὴσονται·

346 1748 427 1828 ὅσοι
451 1745 523 1850 γὰρ
548 1744 608 1825 ἐὰν
626 1749 815 1850 εὑρεθῶσιν
832 1743 904 1848 ἔξω
923 1749 987 1844 τῆς
1013 1744 1136 1840 οἰκίας,
1156 1744 1388 1824 ἀπολοῦνται.
1405 1766 1424 1825 5

348 1878 420 1955 Καὶ
446 1875 664 1979 προσέθεντο
684 1875 772 1978 αὐτῇ
792 1876 912 1953 δοῦναι
937 1880 1096 1972 σημεῖον,
1114 1871 1210 1956 ὅπως
1229 1869 1393 1976 κρεμάσῃ

345 2007 383 2083 ἐκ
416 2012 480 2083 τοῦ
508 2002 603 2082 οἴκου
639 2003 747 2100 αὐτῆς
781 1998 954 2097 κόκκινον,
986 1998 1170 2103 πρόδηλον
1201 2006 1392 2093 ποιοῦντες,

347 2130 400 2210 ὅτι
419 2128 476 2207 διὰ
494 2138 557 2208 τοῦ
576 2128 723 2226 αἵματος
740 2136 804 2208 τοῦ
825 2128 959 2231 Κυρίου
983 2125 1163 2230 λύτρωσις
1180 2125 1282 2205 ἔσται
1299 2133 1394 2206 πᾶσι

347 2266 420 2343 τοῖς
437 2257 669 2337 πιστεύουσιν
684 2257 742 2334 καὶ
760 2253 965 2356 ἐλπίζουσιν
973 2256 1029 2335 ἐπὶ
1043 2253 1107 2334 τὸν
1120 2253 1226 2334 Θεόν.
1249 2255 1393 2357 Ὁρᾶτε,

348 2389 539 2488 ἀγαπητοὶ,
563 2387 604 2465 οὐ
631 2384 741 2482 μόνον
767 2385 901 2480 πίστις,
930 2381 1030 2461 ἀλλὰ
1054 2381 1253 2488 προφητεία
1282 2384 1321 2460 ἐν
1349 2389 1394 2486 τῇ
1412 2426 1450 2464 ιο

349 2516 486 2616 γυναικὶ
514 2512 671 2614 γε’γονεν.

349 2737 387 2804 ἅν,
401 2740 445 2791 cst
465 2731 645 2807 simulatque,
665 2731 853 2806 οιιααθοοανι-
893 2730 1052 2789 Audiamus
1065 2730 1212 2791 Justinum
1227 2731 1268 2790 M.
1283 2732 1314 2789 in
1328 2731 1397 2789 Din-

350 2835 411 2890 qae.
454 2813 529 2871 Vide
563 2813 601 2871 sis
629 2813 786 2870 Hermann.
817 2811 853 2868 ad
893 2813 960 2889 logo
981 2832 1004 2870 c.
1020 2812 1213 2890 Tryphonem,
1234 2813 1346 2890 partii
1368 2835 1395 2891 p.

351 2896 450 2973 Viger.
470 2914 537 2969 941,
560 2901 589 2953 et
612 2894 684 2952 coni.
711 2895 794 2951 Rom.
815 2913 855 2951 xv
895 2908 954 2968 374
982 2894 1025 2952 ed.
1050 2894 1178 2972 Thirlby,
1200 2899 1235 2951 Τὸ
1262 2896 1399 2966 σύμβολον

354 2997 400 3048 24,
416 2976 431 3033 I
447 2976 512 3034 Cor.
529 2975 559 3032 xi
574 2995 622 3050 34,
638 2975 708 3032 Phil.
724 2975 744 3032 ii
762 2994 806 3049 23.
895 2982 940 3032 τοῦ
962 2978 1075 3032 κοκκίνου
1096 2980 1230 3051 σπαρτίου,
1251 2978 1282 3032 οὗ
1303 2980 1400 3033 ἔδωκαν

396 3079 421 3129 4.
448 3061 497 3114 ὑπὸ
521 3061 551 3112 τὸ
575 3059 668 3130 στέγος
692 3053 753 3136 σου]
784 3056 854 3114 Cod.
896 3058 1033 3130 ε’νἸεριχὼ
1054 3062 1078 3114 οἶ
1098 3060 1149 3115 ἀπὸ
1165 3062 1251 3130 Ἰησοῦ
1266 3064 1313 3115 τοῦ
1326 3063 1399 3127 Ναυῆ

354 3139 657 3197 MS.r110TOTOEr0.
688 3137 857 3215 Legendum
896 3141 1055 3212 πεμφθέντες
1081 3143 1237 3197 κατοσκοπολ
1261 3141 1342 3205 Ῥαὰβ
1367 3145 1399 3210 τῇ

354 3220 473 3281 forsitan
487 3223 537 3276 ὑπὸ
550 3225 626 3275 τοῦτο
646 3223 676 3275 τὸ
692 3223 786 3292 στέγος
799 3244 857 3290 σου,
896 3224 984 3292 πόρνῃ,
1012 3222 1125 3279 εἶπόντες
1157 3223 1305 3295 προσδῆσοι
1337 3223 1400 3277 αὐτὸ

355 3303 401 3360 vel
415 3301 510 3378 potius
524 3304 573 3358 ὑπὸ
586 3304 616 3356 τὸ
629 3303 702 3374 τέγος
716 3325 774 3357 σου,
896 3309 927 3372 τῇ
948 3303 1040 3375 θυρίδι,
1055 3303 1087 3358 δι’
1100 3302 1130 3373 ἧς
1149 3305 1240 3361 αὐτοὺς
1260 3305 1399 3375 ἐχιίλασεν,

397 3385 423 3440 6.
441 3386 488 3439 Kal
508 3384 664 3455 προσέθεντο
685 3385 748 3452 αὐτῇ
772 3385 857 3438 δοῦναι
899 3384 968 3441 ὅπως
994 3385 1095 3440 λάθωσι
1121 3386 1181 3442 τοὺς
1200 3386 1348 3455 πολεμίους,
1372 3388 1399 3439 o‘-

356 3467 472 3538 σημεῖον]
494 3463 690 3521 Hellenismus
712 3463 741 3520 in
765 3463 858 3522 Sacris
898 3467 976 3534 μοι’ως
1005 3467 1035 3519 τὸ
1062 3464 1198 3535 σύμβολον
1223 3470 1269 3521 τοῦ
1297 3465 1402 3536 αἵματος

358 3546 463 3604 Litoris
487 3545 593 3621 passim
618 3565 776 3616 occurrens,
801 3565 858 3622 quo
899 3551 944 3601 τοῦ
971 3551 1084 3618 Χριστοῦ
1118 3547 1218 3617 ἐδήλου·
1253 3548 1285 3602 δι’
1312 3547 1343 3602 οὗ
1377 3550 1401 3601 οἱ

357 3628 426 3685 alios
440 3627 532 3685 utitur
543 3626 570 3684 S.
585 3626 677 3699 Pater,
687 3633 720 3685 ut
734 3627 860 3685 advertit
899 3631 977 3683 πάλαι
990 3632 1080 3699 πόρνοι
1098 3631 1139 3683 καὶ
1154 3631 1234 3684 ἄδικοι
1254 3629 1282 3684 εἰι
1301 3629 1403 3684 πάντων

358 3710 534 3780 Wottonus;
562 3708 695 3785 idemque
717 3708 860 3784 significat
899 3715 950 3764 τῶν
973 3710 1051 3764 ἐθνῶν
1072 3712 1203 3778 σώζονται,
1229 3711 1327 3781 ὄφεσιν
1353 3715 1403 3765 τῶν

358 3791 435 3868 quod
463 3794 556 3845 ἔδωκαν
582 3793 619 3845 ἔτι
650 3794 712 3861 αὐτῇ
747 3795 858 3860 σημεῖον.
900 3796 1026 3863 ἁμαρτιῶν
1038 3794 1161 3856 λαβόντες
1174 3792 1310 3861 tripartiri
1323 3797 1403 3864 αμαρ-

360 3871 495 3930 Cotelorii
517 3871 685 3943 versionem,
708 3872 750 3928 Et
776 3871 861 3929 addi·
901 3875 1026 3930 τίνοντες·
1046 3873 1115 3942 ὑμεῖς
1135 3874 1163 3928 δέ
1181 3878 1259 3928 τοῦτο
1282 3879 1405 3930 ταπεινῶς

360 3955 465 4012 (Iuraret
478 3952 864 4028 attaiquurudoret,sugillat
903 3952 1064 4025 ἐξηγούμενοι
1086 3955 1187 4024 πολλὴν
1207 3954 1339 4010 ἀσθένειαν
1363 3977 1405 4009 κο-

361 4035 502 4106 Davisius,
521 4034 598 4110 quod
620 4034 768 4092 Historiae
782 4034 863 4090 Divi-
903 4035 1083 4106 ταψηφέζεοθε
1105 4039 1151 4090 τοῦ
1178 4040 1253 4100 θεοῦ,
1277 4038 1300 4091 εἰ
1326 4040 1407 4091 τοῦτο

360 4136 412 4174 nae
427 4122 568 4193 repugnet
579 4135 587 4187 3
606 4135 664 4173 uon
678 4115 755 4173 enim
764 4114 864 4172 Rahab
903 4114 982 4174 οὕτως
1002 4118 1089 4189 ψιλῶς
1108 4116 1229 4186 ἀκούοιτε,
1248 4120 1288 4172 καὶ
1307 4119 1343 4186 μὴ
1363 4118 1409 4186 τὴν

361 4197 594 4274 speculatoribus,
608 4196 659 4254 sed
674 4195 865 4272 speculatores
904 4196 1007 4267 δύναμιν
1031 4199 1171 4267 ἐξετάζοιτε
1192 4205 1243 4253 τῶν
1262 4199 1407 4271 εἰρημένον.

362 4279 462 4337 luhab
487 4278 602 4354 signum
625 4277 773 4336 dederunt.
818 4278 867 4335 Sic
907 4276 1018 4335 Similia
1045 4287 1112 4336 sunt
1135 4297 1208 4355 quae
1233 4278 1321 4337 habet
1348 4279 1408 4337 Ire

361 4361 451 4439 igitur
478 4360 549 4437 ipse.
578 4358 614 4417 ad
645 4378 762 4417 sensum
788 4358 866 4436 quod
906 4378 1001 4424 naeus,
1023 4359 1067 4417 IV
1084 4380 1124 4417 xx
1142 4379 1187 4432 12,
1210 4360 1326 4434 ‘Quum
1345 4360 1409 4418 uni-

362 4443 476 4514 attinet,
496 4442 702 4518 interpretatur
717 4450 866 4516 ρταιιιτοα
908 4444 915 4470 ‘
929 4460 1011 4498 versa
1023 4441 1133 4513 civitas,
1142 4441 1173 4499 in
1186 4461 1243 4519 qua
1253 4442 1409 4515 habitabat,

363 4524 409 4582 vel
423 4523 705 4599 ιάοιιρινοὶοἰραιιαι
718 4522 864 4580 dedecoret
908 4522 1098 4582 ‘concidisset
1117 4523 1148 4582 in
1169 4524 1289 4597 ruinam,
1306 4543 1409 4582 canen-

364 4606 454 4664 Recte
466 4626 473 4676 3
495 4612 526 4663 at
540 4605 666 4680 ejusdem
685 4603 791 4662 erroris
803 4623 867 4680 pos·
909 4607 916 4634 ‘
930 4604 1008 4662 tibus
1022 4612 1132 4680 septem
1151 4603 1286 4676 tibicinis,
1299 4604 1330 4663 in
1343 4605 1410 4664 ulti-

365 4687 476 4745 tulandi
495 4694 576 4743 erant
597 4685 700 4743 Juniua
721 4692 751 4743 et
771 4685 868 4744 Fellus
909 4685 985 4743 ‘mis
1012 4685 1093 4744 Raab
1120 4686 1271 4744 fornicaria
1297 4706 1410 4746 conser-

367 4767 509 4826 Cotelcrio
543 4774 719 4843 praeeuntes.
774 4766 866 4824 GAL-
909 4770 997 4825 ‘vota
1018 4775 1061 4827 est
1083 4788 1149 4826 cum
1171 4768 1304 4826 universa
1324 4769 1411 4827 domo

368 4848 488 4905 LAND.
911 4852 991 4921 ‘sna
1010 4850 1066 4908 fide
1089 4849 1164 4926 signi
1186 4850 1315 4908 coccini:
1335 4849 1412 4910 sicut

410 4944 435 5002 7.
459 4932 588 5002 πρόδηλον
606 4936 736 4988 ποιοῦντες
748 4953 770 4986 κ.
786 4954 809 4987 τ.
825 4933 866 5006 λ.]
911 4934 963 4989 ‘et
988 4930 1129 4989 Dominus
1155 4930 1268 4990 dicebat
1294 4931 1340 4989 his
1361 4933 1411 5009 qui

370 5010 447 5067 Huic
481 5010 711 5086 interpretationi
739 5010 871 5087 allegori-
911 5013 1087 5072 ‘adventurn
1114 5014 1175 5089 ejus
1203 5033 1261 5072 non
1289 5012 1411 5090 excipie-

368 5111 417 5149 eao
438 5090 511 5147 miro
528 5111 666 5149 consensu
679 5091 871 5167 suffragantur
912 5094 1010 5164 ‘bant
1039 5094 1197 5153 Pharisaeis
1230 5094 1347 5167 seilicet,
1382 5104 1412 5154 et

370 5172 529 5249 Scriptores
542 5182 653 5231 veteres
670 5172 868 5232 Ecclesiastici.
911 5176 1038 5234 ‘coccini
1085 5176 1200 5254 signum
1245 5176 1411 5250 nullificant,
