3250 6617
578 1111 633 1174 ΕΤ
656 1109 992 1176 FORMULARUM.
1295 1108 1354 1172 101

261 1281 384 1353 παναγίσυ
411 1277 564 1348 Πνεάματος.
589 1276 636 1334 vii.
679 1280 766 1334 διωκό-

262 1385 336 1432 μενον
346 1361 458 1430 ἄσθματι
465 1365 569 1429 πνεῦμα
579 1357 638 1415 viii.
662 1361 768 1434 σχοινίιρ

263 1447 390 1514 χρώμενοι
403 1446 438 1517 τῷ
453 1440 580 1512 Πνεόματι
592 1445 628 1516 τῷ
638 1440 676 1496 Ἀ.
700 1438 766 1516 Igu.

266 1523 338 1599 Eph.
352 1541 380 1597 9.
403 1523 544 1595 Περίψημα
557 1524 587 1577 τδ
600 1523 660 1592 ε’μδν
673 1528 770 1591 πνεῦμα

264 1610 311 1661 τοῦ
335 1608 456 1676 σταυροῦ.
484 1605 530 1659 18.
573 1605 600 1657 εἰι
625 1603 770 1676 σπέρματος

265 1689 312 1757 μὶν
334 1687 426 1751 Δαβὶδ,
449 1684 595 1754 Πνεόματος
619 1686 647 1738 δι’
669 1685 708 1740 Ἀ.
731 1683 769 1740 ib.

265 1769 356 1823 ἕνωσιν
369 1771 475 1838 εὔχομαι
495 1769 589 1837 σαρκὸς
608 1767 648 1820 καί
661 1765 770 1834 πνεύμα-

266 1873 316 1906 τος.
342 1847 438 1923 Magn.
458 1865 482 1902 1.
525 1852 561 1922 τῷ
588 1847 710 1915 πνεύματι
737 1849 771 1903 ὡς

267 1933 421 1986 διδάσκαλον
444 1931 520 1983 αὐτόν
541 1929 721 2001 προσεδόκσυν.
743 1945 769 2001 9.

268 2011 452 2079 κατευοδωθῆτε
477 2012 553 2082 σαρκί
580 2011 620 2064 καί
641 2009 769 2079 πνεύματι.

273 2111 316 2166 13.
358 2093 501 2163 ἀδιάκριτον
521 2095 626 2158 πνεῦμα.
654 2104 699 2161 15.
741 2113 772 2161 με

268 2176 413 2229 ἀνέπαυσαν
430 2173 507 2243 σαρκί
528 2194 557 2226 τε
581 2173 621 2226 καί
640 2170 770 2241 πνεύματι.

270 2252 354 2311 Trall.
375 2271 418 2310 12.
450 2254 575 2326 ‘Aym'sm
589 2255 658 2323 ὑμῶν
670 2255 700 2306 τδ
713 2254 773 2320 έμδν

269 2341 374 2405 πνεῦμα.
388 2352 431 2407 13.
459 2336 520 2389 κατά
535 2336 616 2405 σάρκα
627 2336 667 2388 καί
676 2338 773 2403 πνεῦμα

270 2417 409 2487 ἡνωμένοις.
426 2414 508 2471 Rom.
525 2414 612 2471 Inscr.
647 2414 749 2483 'Amnis
761 2449 771 2460 -

270 2522 312 2553 ται
326 2500 389 2566 ὖμᾶς
401 2500 431 2551 τό
445 2498 504 2567 ε’μδν
516 2501 622 2566 πνεῦμα.
639 2513 665 2568 9.
690 2497 717 2551 έν
729 2501 773 2560 βε·

271 2578 409 2648 βαιωσὺνη,
431 2582 467 2652 τῷ
488 2577 519 2633 Ἇ.
541 2579 619 2632 αὐτοῦ
638 2576 773 2647 Πνεθματι.

274 2658 381 2716 Philssd.
392 2658 480 2715 Inscr.
504 2661 534 2714 τδ
548 2663 650 2728 Πνεῦμα
664 2661 694 2713 οὔ
707 2662 773 2713 πλα-

273 2745 352 2796 νᾶται.
368 2753 393 2813 7.
423 2742 458 2794 Τδ
471 2741 612 2809 δίΠνεῦμα
625 2738 774 2811 ι’κίηρυσσεν.

273 2821 310 2879 ib.
353 2823 486 2897 ε’νάμιίνμιρ
506 2821 626 2890 πνεύματι
646 2824 686 2876 καί
706 2823 776 2895 λόγῳ

273 2907 346 2960 θεοῦ.
371 2901 483 2978 Smym.
502 2901 590 2959 Inscr.
633 2903 777 2973 καθηλωμέ-

274 3009 331 3043 νους
344 2986 371 3039 ίν
383 2990 419 3060 τῷ
432 2989 535 3059 σταυρῷ
551 2987 684 3055 ...σαρκί
696 3007 724 3038 τε
738 2987 778 3038 καὶ

274 3066 404 3136 πνεύματι.
421 3083 443 3122 1,
479 3065 683 3137 κρατηθέντεςτῇ
703 3070 778 3135 σαρκί

275 3150 352 3204 αι’ποῦ
372 3150 411 3202 καί
431 3152 467 3222 τῷ
486 3146 615 3215 πνεύματι.
638 3165 661 3219 3.
698 3147 779 3201 Ἀντί-

275 3232 364 3301 ψνχον
386 3231 454 3297 ὑμῶν
480 3232 510 3282 τδ
531 3230 628 3297 πνεῦμά
651 3251 708 3296 μου.
733 3244 776 3284 10.

276 3312 303 3364 έν
325 3312 425 3378 δυνάμει
449 3309 601 3377 Πνεόματος.
632 3326 675 3380 13.
717 3331 779 3380 γρη-

276 3395 356 3462 γόρει,
370 3391 503 3459 ἀκοίμητον
515 3394 612 3458 πνεῦμα
625 3392 777 3457 κεκτημένος.

278 3470 371 3546 Polye.
387 3487 410 3525 1.
452 3474 505 3527 τοῖς
518 3472 636 3539 σνμβίοις
649 3471 781 3541 ἀρκεῖσθαι

278 3555 354 3624 σαρκὶ
376 3554 416 3606 καὶ
442 3551 569 3620 πνεύματι.
594 3565 620 3622 5.
664 3550 781 3619 ἐπιθυμία

278 3637 340 3688 κατδ
366 3638 412 3687 τοῦ
437 3631 576 3702 πνεύματος
610 3631 779 3703 στρατεύεται.

279 3714 373 3789 Polyc.
389 3711 459 3769 Phil.
474 3727 499 3784 5.
532 3717 568 3788 τῷ
581 3717 646 3787 τόνφ
659 3718 694 3788 τῷ
707 3713 782 3768 πνεό-

277 3820 344 3867 μοτι.
380 3793 465 3851 Mart.
495 3793 557 3868 Igu.
591 3812 613 3849 1.
661 3795 783 3850 ε’πιπεσδν

278 3881 363 3943 βίαιον
374 3880 477 3945 πνεῦμα
500 3890 525 3946 5.
568 3874 596 3932 δς
617 3877 689 3931 εὐθὺς
708 3877 783 3947 γνοὺς

280 3965 316 4034 τῷ
339 3957 468 4027 πνεύματι.
495 3958 520 4013 6.
563 3957 638 4026 ὀθόνη
733 3958 783 4012 ὑπὸ

280 4040 419 4109 πνεύματος
431 4042 598 4110 πληρουμένη.
625 4036 782 4095 Μ1ή.Ρο-

282 4121 334 4196 lye.
357 4138 398 4192 15.
441 4122 585 4192 σὺνΠατρί
598 4119 687 4175 καίἉ
704 4118 783 4175 Πνεό-

281 4226 349 4272 ματι.
365 4220 410 4257 22.

242 4287 420 4353 Πνευμοτικός.
464 4283 596 4352 συνηθειαν
611 4325 617 4337 .
634 4326 640 4338 .
658 4326 664 4338 .
680 4283 725 4338 οὔκ
740 4283 783 4337 άν-

283 4367 408 4438 θρωπίνην
422 4363 509 4435 οὖσαν,
524 4364 591 4419 ἀλλά
609 4364 783 4433 πνευματικήν.

284 4445 347 4522 Igu.
365 4444 436 4521 Eph.
454 4461 479 4517 5.
532 4443 577 4503 Εἷς
600 4447 684 4518 ίατρός
707 4446 785 4515 έστιν,

284 4530 402 4600 σαρκικός
435 4550 462 4581 τε
490 4529 530 4581 καὶ
556 4529 726 4596 πνευματικός.
757 4540 785 4598 7.

285 4613 316 4664 0!
339 4610 453 4680 σαρκικοί
475 4610 506 4662 τὰ
528 4610 680 4678 πνευματικὰ
703 4609 787 4679 πράσ-

285 4713 341 4745 σειν
363 4692 392 4744 οὐ
413 4688 535 4752 δύνανται,
554 4691 612 4744 οὐδὲ
634 4693 658 4744 οί
678 4711 788 4758 πνευμα-

285 4772 347 4826 τικοί
373 4773 405 4825 τά
428 4772 544 4842 σαρκικά.
568 4773 594 4826 8.
630 4769 665 4824 ‘A
693 4771 720 4825 δέ
747 4772 787 4825 καὶ

285 4855 347 4907 κατά
368 4854 450 4924 σάρκα
469 4854 608 4924 πράσσετε,
622 4856 700 4906 ταῦτα
713 4875 787 4906 πνευ-

285 4937 377 5004 ματικά
397 4934 475 4988 έστιν.
494 4931 533 4989 ib.
574 4934 634 4989 τοὺς
655 4955 788 5000 πνευματι-

286 5017 344 5071 κοὺς
357 5011 519 5087 μαργαρίτας.
539 5031 584 5068 11.
622 5018 788 5083 πνευματικοῦ

287 5097 417 5167 στεφάνου
437 5100 481 5150 τοῦ
503 5096 691 5168 πρεσβυτερίου
710 5095 785 5164 ὑμῶν.

289 5176 384 5253 Magn.
402 5193 445 5248 13.
487 5176 527 5231 ίνα
546 5176 636 5233 ένωσις
653 5171 788 5247 ᾔσαρκικίη

288 5282 316 5312 τε
330 5261 369 5313 καὶ
381 5257 539 5326 πνευματική.
560 5256 597 5313 ib.
640 5258 787 5320 ἀναστάσει,

290 5344 394 5412 σαρκικῇ
408 5362 436 5393 τε
450 5341 490 5393 καὶ
499 5342 657 5409 πνευματικῇ.
674 5337 786 5413 Smym.

855 1297 898 1334 12.
939 1279 1025 1349 ἀγάπη
1047 1281 1152 1348 σαρκικῇ
1173 1300 1201 1331 τε
1222 1278 1262 1331 καί
1281 1298 1354 1330 πνευ-

849 1365 947 1430 ματικῇ.
974 1377 1018 1432 13.
1065 1360 1092 1413 έν
1117 1360 1189 1428 πόση
1217 1359 1354 1428 ε’πιμελείᾳ,

850 1445 956 1515 σαρκικῇ
974 1464 1003 1496 τε
1022 1443 1062 1495 καί
1077 1444 1235 1509 πνευματικῇ.
1258 1437 1352 1513 Polyc.

855 1541 880 1578 1.
937 1524 985 1577 Διά
1011 1526 1087 1576 τοῦτο
1113 1524 1232 1593 σαρκικδς
1259 1517 1285 1575 εί
1315 1523 1355 1574 καὶ

850 1607 1021 1674 πνευματικός.
1039 1622 1064 1659 2.
1106 1607 1276 1672 πνευματικῶν
1288 1602 1355 1676 αὐτῷ

852 1684 1004 1753 κοινωνήσας
1011 1686 1183 1757 χαρισμάτων.
1194 1682 1278 1740 Mart.
1289 1681 1353 1759 Igu.

854 1785 880 1840 3·
922 1768 997 1838 μέρος
1010 1767 1184 1838 χαρίσματος·
1202 1809 1209 1822 ·
1226 1809 1232 1821 ·
1247 1788 1356 1833 πυννα·

852 1853 931 1903 τικοῦ.
946 1847 982 1903 ib.
1025 1849 1177 1920 γραμμάτων
1192 1893 1197 1904 .
1210 1891 1216 1903 .
1229 1869 1354 1915 ,πνευμω

852 1930 922 1999 τικὴν
935 1974 941 1986 .
954 1974 959 1986 .
974 1929 1185 1995 ,ἀποσταζόντων
1197 1931 1277 2000 χάριν.
1295 1947 1323 1997 4.

812 2016 995 2080 Πνευματικῶς.
1027 2015 1197 2079 πνευματικῶς
1210 2009 1358 2064 ἐπέστειλεν

854 2094 918 2162 ὑμῖν.
934 2089 1023 2148 Clem.
1037 2089 1053 2145 Ι
1067 2102 1113 2162 47.
1146 2091 1174 2144 έν
1185 2094 1257 2160 πόση
1270 2091 1357 2163 δγνείᾳ

858 2173 1357 2241 ...μένητε...σαρκικῶςκαίπνευμα-

853 2259 934 2311 τικῶς.
950 2253 1013 2329 [gn.
1025 2251 1096 2328 Eph.
1112 2269 1155 2308 10.
1189 2259 1358 2322 πνευματικῶς

853 2336 976 2406 ἡνωμένος
988 2339 1024 2389 τω
1038 2337 1131 2406 Πατρί.
1147 2332 1259 2409 Smyrn.
1275 2352 1301 2407 3.

813 2417 892 2485 Πνοὴ.
928 2416 959 2471 οὗ
972 2417 987 2485 ἡ
1000 2418 1063 2486 πνοὴ
1077 2416 1153 2469 αότσῦ
1168 2417 1195 2469 ίν
1207 2416 1266 2485 ἡμῖν
1278 2416 1357 2470 ε’στιν.

857 2496 979 2554 ΟΙοια.Ι
1003 2514 1048 2552 21.
1090 2493 1112 2572 ᾧ
1132 2499 1204 2552 πᾶσα
1226 2498 1290 2567 πνοὴ
1311 2500 1359 2549 λα.

855 2579 944 2651 τρεόει.
962 2576 1056 2652 Polyc.
1072 2576 1143 2633 Phil.
1162 2595 1186 2634 2.

816 2662 907 2717 Πόθεν.
938 2656 1004 2715 υίδεν
1016 2663 1066 2732 γάρ
1079 2660 1157 2715 πόθεν
1169 2661 1279 2732 ἔρχεται.
1295 2656 1357 2734 Igu.

858 2739 966 2798 Philad.
984 2753 1009 2813 7·

818 2826 938 2893 Ποθητός.
974 2825 1004 2878 τδ
1017 2823 1126 2890 παθητόν
1137 2845 1180 2891 μοι
1194 2822 1278 2891 ὄνομα.
1295 2819 1359 2897 Igu.

859 2904 941 2961 Rom.
956 2923 1000 2960 10.
1043 2907 1074 2958 τά
1086 2904 1198 2972 παθητόν
1210 2926 1258 2974 μου
1271 2904 1360 2972 ὄνομα.

860 2986 973 3062 Smyrn.
990 3003 1034 3057 13.
1058 2984 1152 3059 Polyc.
1169 2986 1195 3040 8.

820 3069 911 3125 Πόθος.
953 3068 1091 3135 ἀκόρεστος
1113 3067 1192 3124 πόθος
1213 3068 1248 3122 είς
1269 3066 1362 3138 ἀγαθα-

859 3147 950 3205 ποιΐον.
974 3146 1063 3205 Clem.
1080 3147 1096 3203 I
1113 3165 1139 3203 2.

820 3234 912 3286 Ποιεῖν.
955 3232 1061 3302 βράδιον
1078 3274 1102 3286 .,
1115 3273 1121 3285 .
1136 3229 1297 3300 ἐπιστροφὴν
1316 3250 1361 3282 πε-

859 3310 992 3380 ποιηκέναι.
1009 3310 1099 3366 Clem.
1115 3310 1129 3365 Ι
1147 3328 1173 3365 1.
1209 3311 1363 3381 άπροσωπο·

862 3393 964 3460 λίηπτως
989 3394 1039 3462 γὰρ
1065 3394 1146 3446 πάντα
1174 3392 1286 3445 ε’ποιεῖτε.
1322 3388 1363 3446 ib.

862 3476 941 3542 Ζῆλος
954 3473 1072 3541 ε’ποίησεν
1084 3471 1183 3542 Ἰωσὴφ
1201 3471 1277 3542 μέχρι
1291 3472 1364 3525 θανά-

861 3577 907 3608 τον
934 3554 1077 3623 διωχθῆναι.
1107 3571 1132 3621 4.
1188 3553 1294 3606 ἐνώπιον
1319 3557 1365 3606 τοῦ

861 3633 1012 3702 ποιησαντος
1045 3634 1117 3702 ἡμᾶς.
1151 3645 1176 3704 7.
1238 3634 1366 3704 πρόδηλον

862 3714 972 3784 ποιήσας
992 3718 1007 3769 θ
1024 3719 1164 3783 Δεσπότης.
1184 3730 1227 3768 11.
1269 3715 1364 3785 πρόδη·

863 3801 910 3850 λον
932 3800 1068 3853 ποιοῦντες.
1088 3813 1131 3851 12.
1174 3794 1319 3864 ποιήσωμεν
1335 3796 1365 3848 τδ

863 3876 1041 3950 γεγραμμένον.
1066 3894 1109 3949 13.
1164 3878 1210 3945 τὴν
1236 3878 1366 3947 εὐσπλαγ-

863 3961 936 4031 χνίαν
966 4005 971 4015 .
986 3965 1050 4015 .τοὺ
1062 3959 1213 4027 ποιήσαντος
1230 3957 1300 4028 ἡμᾶς.
1322 3975 1364 4027 14.

864 4044 889 4096 τί
900 4040 1040 4110 ποιήσομεν
1053 4040 1138 4109 ἡμεῖς,Ι
1162 4040 1205 4095 16.
1248 4041 1277 4093 οίν
1291 4043 1368 4109 μόνον

864 4121 928 4191 ἡμῖὶς
942 4168 947 4178 .
960 4168 966 4178 .
981 4165 987 4177 .
1005 4123 1123 4187 βελτίους
1156 4123 1281 4190 ἐποίησεν.
1321 4138 1364 4193 19.

865 4204 946 4260 καθὼς
973 4202 1086 4272 διέταξεν
1111 4204 1181 4272 αὐτῇ.
1219 4221 1263 4258 20.
1322 4206 1368 4259 τὰς

865 4283 1027 4340 συνελεύσεις
1040 4286 1121 4339 αὐτῶν
1142 4327 1147 4340 .
1172 4327 1178 4340 .
1202 4327 1207 4339 .
1230 4287 1364 4339 ποιοῦνται.

865 4363 903 4422 ib.
946 4366 1052 4421 ε’νῶπιον
1078 4367 1156 4420 αὐτοῦ
1179 4371 1289 4434 ποιῶμεν
1311 4363 1367 4433 μεθ’

867 4448 989 4516 ὁμονοίας.
1015 4464 1060 4501 21.
1101 4448 1159 4501 οὐδέ
1172 4453 1223 4502 τῶν
1235 4448 1366 4518 διαλογισ-

867 4535 921 4597 μῶν
934 4530 968 4583 ὧν
980 4526 1125 4599 ποιοίμεθα.
1140 4526 1178 4584 ib.
1220 4530 1250 4582 τδ
1266 4528 1370 4584 ἐπιεικές

868 4613 913 4679 της
934 4612 1059 4681 γλώσσης
1076 4653 1119 4665 ...
1135 4613 1246 4681 φανερόν
1262 4613 1370 4677 ποιησά-

868 4713 960 4745 τωσαν.
978 4689 1015 4746 ib.
1057 4690 1086 4761 ἧς
1105 4691 1151 4760 τὴν
1170 4692 1287 4762 ἀπαρχὴν
1299 4692 1368 4745 ε’ποι-

867 4769 949 4839 ήσατο
962 4775 1006 4826 τὸν
1020 4771 1119 4843 Κύρων.
1136 4790 1184 4841 24.
1223 4774 1301 4841 σηκδν
1313 4773 1370 4826 έου-

867 4856 903 4927 τῷ
926 4857 1002 4907 ποιεῖ.
1029 4869 1073 4924 25.
1116 4857 1131 4906 ό
1154 4854 1368 4925 δημιουργὸς

867 4934 1009 4989 ἀνάστασιν
1026 4933 1166 5002 ποιήσεται.
1188 4935 1236 4992 26.
1278 4935 1317 4988 καὶ
1337 4937 1371 4993 ὥς

868 5015 946 5084 θέλει,
960 5014 1061 5083 ποιησει
1073 5017 1161 5071 πάντα.
1179 5028 1226 5088 27.
1259 5015 1371 5085 ποιήσω-

868 5119 914 5166 μεν
934 5099 966 5150 τδ
990 5101 1035 5151 τοῦ
1055 5101 1181 5169 θγιασμοῦ
1202 5099 1291 5153 πάντα.
1321 5116 1370 5171 30.

869 5180 1021 5234 καταλαλιάς
1043 5182 1130 5249 πόρρω
1150 5180 1254 5236 εἀυτούς
1271 5184 1373 5234 ποιοῦν·

869 5281 917 5315 τες.
947 5257 984 5315 ib.
1037 5259 1156 5327 ἀλήθειαν
1189 5262 1229 5315 διδ
1262 5265 1372 5318 πίστεως

869 5339 994 5410 ποιησαςς
1012 5358 1059 5412 31.
1101 5343 1132 5395 Τί
1152 5340 1197 5396 οὗν
1218 5340 1370 5413 ποιήσωμεν,
