3250 6617
478 1070 541 1133 AD
563 1070 852 1149 CORINTHIOS,
870 1072 933 1134 xlii.
1163 1074 1224 1135 153

167 1244 314 1345 igitur,
341 1256 485 1343 praeter
517 1244 556 1319 id
584 1244 681 1343 quod
712 1244 894 1319 voluntati
929 1246 1007 1343 ejus
1040 1255 1227 1319 consente-

165 1388 301 1435 nenm
325 1370 393 1447 est,
417 1360 553 1461 aliquid
584 1362 733 1445 faciunt,
761 1364 891 1436 mortis
919 1363 1095 1461 supplicio
1121 1363 1227 1461 puni-

170 1489 313 1552 untur.
380 1478 537 1565 Videtis,
570 1478 711 1566 fratres,
744 1507 818 1579 quo
855 1480 989 1578 majore
1023 1482 1228 1580 cognitione

177 1594 294 1696 digni
320 1623 448 1671 sumus
476 1596 603 1683 habiti,
630 1624 673 1669 eo
699 1598 858 1696 graviori
891 1598 1049 1696 periculo
1083 1598 1230 1672 obnoxii
1241 1618 1301 1668 Luc.
1309 1618 1345 1667 xii
1354 1617 1393 1679 ⁴8·

181 1738 326 1787 sumus

240 1826 367 1903 XLII.
393 1828 562 1927 Apostoli
591 1830 694 1903 nobis
723 1858 746 1903 a
775 1832 933 1904 Domino
960 1832 985 1904 J
987 1858 1051 1904 esu
1082 1831 1229 1907 Christo

186 1944 543 2045 evangelizavenxnt,
571 1947 597 2019 J
599 1972 683 2019 esus
708 1946 909 2022 Christus
902 1976 924 2019 a
955 1948 1042 2021 Deo
1094 1948 1230 2021 Missus
1241 1967 1361 2015 Joan
1328 1965 1380 2013 xvii

189 2072 250 2136 est
273 2062 389 2161 igitur
408 2062 578 2138 Christus
603 2090 626 2135 a
646 2063 735 2149 Deo,
761 2073 801 2136 et
818 2062 1029 2161 Apostolia
1055 2063 1228 2153 Christo;
1245 2034 1281 2093 ἰδ’
1301 2048 1333 2079 ⁸¹
1347 2047 1385 2079 ²¹

190 2188 231 2253 et
262 2178 401 2253 factum
434 2189 492 2252 est
525 2188 723 2279 utrumque
756 2180 927 2254 decenter
961 2208 1007 2253 ex
1039 2180 1178 2254 volunt
1153 2192 1230 2255 tete

192 2296 272 2370 Dei
324 2296 502 2370 Mandata
530 2297 666 2395 quippe
693 2297 920 2396 accipientes,
955 2308 993 2371 et
1021 2324 1087 2396 per
1115 2325 1230 2371 resur-

192 2412 387 2487 rectionem
415 2412 564 2485 Domini
597 2414 713 2486 nostri
739 2415 831 2487 Jesu
860 2414 998 2490 Christi
1025 2413 1132 2512 plena
1158 2440 1230 2487 cer-

193 2528 352 2605 titudine
393 2530 536 2615 imbuti,
572 2530 714 2629 Deiquc
748 2531 858 2604 verbo
900 2530 1111 2617 confirmati,
1148 2557 1232 2604 cum

192 2806 253 2860 test
266 2798 369 2859 offerri.
400 2798 487 2859 Unde
500 2800 587 2859 etium
600 2808 690 2877 patet,
731 2800 872 2859 rationem
893 2800 1011 2858 mallent
1029 2800 1182 2858 Wottonus
1203 2810 1231 2858 ot

192 2902 279 2959 quem
299 2880 445 2939 infirmum
468 2882 507 2940 sit
526 2882 692 2941 lunebmen·
733 2880 988 2940 Schoenenmnnus.
1039 2880 1125 2957 Apud
1147 2882 1231 2939 Cote-

192 2970 255 3023 eum
276 2962 309 3021 el.
326 2963 452 3021 Ellvcrdi
466 2964 603 3029 Benrsrd,
620 2964 692 3021 hane.
733 2962 843 3035 lorium,
872 2962 1079 3033 Constantium,
1104 2972 1133 3021 et
1157 2963 1232 3020 Hor-

191 3051 285 3105 eoum
305 3045 457 3122 pericopen
474 3064 526 3103 cen
544 3045 643 3103 fulsum
663 3054 692 3103 et
733 3064 914 3116 nenmnnurn,
931 3043 1082 3102 exhibetur
1102 3048 1233 3118 εὐαγγελί-

191 3126 320 3205 insptnm
339 3146 374 3185 eo
392 3126 508 3185 nomine
525 3126 693 3185 effnreillen-
734 3128 842 3196 πθησον,
863 3146 897 3184 ex
920 3126 1035 3197 incun'n,
1057 3134 1090 3183 ut
1111 3126 1232 3193 videtur,

192 3208 239 3269 lie.
262 3208 376 3265 FREY.
733 3207 913 3284 typographi.
957 3207 1075 3265 Summo
1091 3206 1233 3283 jureHil·

234 3308 261 3363 3.
282 3286 437 3369 πρόστιμον]
460 3288 602 3365 Polybius,
619 3289 629 3345 i
647 3303 692 3363 17,
732 3288 890 3367 gcnfehlius
913 3298 943 3347 et
962 3288 1076 3365 Lipsius
1102 3296 1233 3346 statuunt

192 3374 229 3427 Τὸ
240 3374 291 3445 γὰρ
303 3374 447 3443 πρόστιμον
459 3374 517 3443 παρ’
526 3374 611 3428 αὐτοῖς
622 3366 692 3451 [Ῥω-
732 3372 937 3444 εὖηγγελίσθησα
939 3394 952 3425 ν
965 3389 1049 3427 sensu
1062 3390 1126 3447 pas.
1113 3370 1173 3427 :ivo
1187 3389 1232 3427 ue-

193 3454 287 3525 μαΙοιπ]
307 3454 447 3511 obmisi
432 3476 490 3509 ειπτ
509 3456 545 3528 τῷ
564 3455 693 3529 προεμένην
733 3451 896 3528 cipienllum
920 3471 1000 3523 esse3
1021 3454 1079 3521 ἡμῖν
1065 3471 1163 3508 ivero
1182 3452 1231 3507 ‹le-

193 3536 331 3591 τδντόπον.
358 3532 527 3610 Hesychius,
536 3538 691 3603 Πρόπτιρον·
733 3533 825 3592 tivum
850 3533 998 3591 exomnioli.
1042 3532 1233 3607 {punnin-

193 3618 277 3687 ζημία,
288 3616 453 3719 παραγραφὴ.
484 3614 590 3672 Moeris
603 3614 692 3673 Attio
733 3614 836 3690 varmei
824 3606 899 3671 llum
912 3614 993 3671 inibis
1002 3614 1234 3687 praedicundum

192 3696 340 3767 Ἐπιτιμιον,
370 3698 496 3755 Ἀττικῶς.
537 3700 638 3771 Πρόπτι
637 3721 692 3768 ρον,
733 3717 754 3753 a
781 3696 895 3755 Clu-blo
928 3704 1100 3769 occepentnl.
1152 3695 1234 3753 Conf.

191 3776 353 3849 Ἑλληνικῶς
735 3778 814 3853 §43,
829 3778 866 3834 ud
887 3775 992 3834 inita
964 3800 1055 3833 πιευστ
1028 3777 1175 3834 memes?
1160 3801 1235 3851 εργον

233 3858 300 3917 lb.‘
302 3864 393 3931 Ορΐττε,
412 3883 434 3917 κ.
449 3884 474 3917 τ.
489 3864 515 3915 λ.
559 3858 694 3918 citantur
734 3865 840 3915 τοιοῦτο.

192 3938 262 3999 lm
287 3958 306 3997 a
332 3938 479 4001 Clemente
505 3855 592 3999 illex.
618 3945 691 3997 abro-
779 3959 823 3997 11.
839 3934 1085 4017 πληροφορηθὲντες]
1108 3937 1190 3995 Rom.
1206 3938 1234 3995 iv

192 4022 273 4093 λτετί,
290 4022 332 4097 [p.
350 4018 422 4102 613]
441 4023 552 4099 quibus,
570 4029 694 4099 proeter—
737 4040 784 4093 21,
804 4022 1009 4094 πληροφορηθεὶς
1025 4021 1063 4075 ὅτι
1078 4020 1091 4074 ὃ
1108 4020 1232 4093 ἐπήγγελ-

192 4102 288 4161 mleeie
302 4102 338 4161 lis
356 4122 429 4181 quae
443 4104 586 4161 habentur
605 4122 695 4179 usque
735 4128 775 4158 ται
789 4106 894 4160 δυνατός
907 4104 964 4158 ἐστι
978 4105 1017 4158 καὶ
1030 4105 1142 4171 ποιῆσαι.

192 4184 231 4243 α]
245 4184 261 4261 5
276 4186 324 4257 48,
337 4185 488 4255 subnectit,
500 4186 535 4241 ‘H
550 4188 630 4255 σεμνὴ
643 4186 694 4255 οὖν,
780 4202 823 4241 12.
848 4186 1015 4241 πιστωθέντες
1039 4185 1066 4237 ἐν
1087 4188 1122 4257 τῷ
1149 4183 1232 4257 λόγῳ]

193 4290 219 4325 ι.
231 4290 257 4323 τ.
269 4271 298 4323 λ.
320 4266 441 4325 WOTT.
737 4264 979 4341 Pmepositionem
1007 4268 1070 4320 ἕνα
1097 4262 1236 4321 Wottono

235 4366 263 4419 4.
292 4348 490 4423 κατηξιώθημαν]
525 4346 595 4406 cod.
631 4346 693 4403 MS.
737 4346 891 4423 repositam
933 4345 1069 4403 exhibent
1104 4343 1233 4401 Gallund.

194 4438 472 4487 ΚΑΤΑΞΙΩΘΗΜΕΝ.
737 4427 901 4486 Schoenem.
914 4426 1005 4484 Hcfel.
1019 4425 1194 4501 Reithmayr.
1207 4432 1236 4482 et

235 4509 273 4569 ib.
294 4512 427 4586 γνόπεατ]
451 4509 572 4567 Divinae
586 4508 695 4566 Volnn·
738 4508 905 4567 Dresselius.
916 4507 1055 4566 Eunulem
1064 4507 1235 4564 locutionem

194 4590 265 4651 tatis
287 4591 409 4651 notitiae
434 4612 470 4649 ex
491 4590 605 4650 Veteris
626 4590 697 4647 Foe
737 4590 824 4648 habes
841 4589 916 4666 apud
929 4591 964 4647 b.
982 4589 1109 4653 Paulum,
1132 4588 1165 4643 ΙΙ
1182 4588 1234 4663 Ep.

194 4672 272 4731 deris
297 4680 370 4751 typo
402 4672 580 4731 hauriendus.
618 4672 696 4729 LIP—
737 4672 774 4729 nd
787 4672 859 4729 Tim.
876 4671 906 4728 iii
926 4691 968 4743 14.

195 4754 295 4813 SIUS.
780 4772 823 4827 13.
840 4752 1028 4846 πληροφορίας]
1044 4749 1086 4809 (ΙΙ.
1100 4747 1191 4807 Col
1172 4768 1234 4819 112,

236 4838 514 4911 ᾱεηῃτλίπθηπον]
535 4835 624 4895 Forte
643 4855 696 4913 pro
736 4834 752 4891 Ι
767 4833 887 4892 Thess
879 4854 889 4889 1
905 4850 930 4905 ς
975 4833 1038 4889 Hoc
1049 4851 1117 4889 voco
1130 4850 1235 4887 semio-

195 4918 414 4995 τὶηῃαλίπαντο;
433 4918 478 4977 vel
499 4918 595 4977 delc‘
582 4942 647 4989 ηραν,
666 4924 696 4975 et
737 4936 803 4975 nem
839 4914 963 4991 putrium
998 4913 1102 4972 ditavit
1129 4911 1237 4985 Bellus,

195 4998 544 5075 decumberemus.
556 4999 697 5057 nimium
737 4998 891 5055 Diseourse
914 5017 939 5071 3.
978 4994 1054 5053 ‘The
1074 4995 1189 5053 witness
1210 4958 1242 5049 oi

194 5080 299 5139 sebois
316 5090 490 5158 acceperunt,
504 5080 697 5155 Evcnyelinm
738 5079 809 5138 ‘the
824 5078 915 5155 Spirit
929 5077 998 5135 «loth
1019 5075 1238 5152 notordinnrily

195 5162 284 5221 edocti
309 5174 386 5222 sciet
421 5162 519 5221 BOIS.
570 5162 696 5219 Priorem
739 5161 920 5239 ‘produce
913 5182 942 5217 in
966 5159 1015 5218 the
1040 5158 1150 5217 biithful
1176 5158 1238 5215 thet

241 5276 308 5321 VOL.
325 5278 349 5321 1.
789 5277 807 5319 X
