3250 6617
481 1076 543 1141 AD
566 1075 857 1153 CORINTHIOS,
873 1075 915 1138 xl.
1154 1078 1217 1143 147

173 1246 322 1345 poribus
349 1256 389 1321 et
418 1247 542 1335 horis;
576 1248 641 1322 ubi
668 1248 779 1321 etiam
813 1257 852 1320 et
878 1274 900 1319 a
928 1246 1062 1345 quibus
1092 1247 1214 1346 peragi

174 1362 266 1450 vult,
292 1364 371 1463 ipse
401 1366 645 1441 excelsissima
670 1393 737 1439 sua
756 1366 948 1439 voluntate
975 1364 1153 1450 definivit,
1173 1375 1218 1438 ut

171 1480 341 1583 religiose
370 1483 492 1557 omnia
520 1482 722 1557 seeundum
750 1482 829 1582 ejus
856 1482 1124 1581 beneplacitum
1155 1483 1217 1557 ad-

173 1598 335 1699 impleta,
373 1599 489 1698 ipsius
526 1600 711 1674 voluntati
752 1610 901 1699 accepta
943 1611 1073 1673 essent.
1143 1600 1216 1692 Qui

173 1714 290 1815 igitur
321 1714 525 1815 praefinitis
558 1714 784 1815 temporibus
819 1713 1021 1787 oblationes
1054 1742 1139 1788 suas
1167 1715 1218 1788 fa-

172 1830 286 1918 ciunt,
313 1833 452 1931 accepti
481 1841 520 1906 et
546 1832 644 1906 beati
671 1841 785 1919 sunt;
818 1831 967 1905 Domini
995 1831 1090 1904 enim
1117 1859 1218 1905 man-

173 2046 369 2127 Hieronymus
388 2050 426 2108 ad
439 2050 559 2110 Laetam
576 2058 607 2111 et
620 2052 677 2109 De-
718 2051 770 2127 Ep.
792 2050 830 2108 ad
850 2048 1025 2126 Philadelph.
1042 2054 1097 2123 19.
1142 2049 1219 2108 Hinc

171 2130 350 2203 metriadem,
369 2132 478 2191 nescire
497 2152 550 2192 nos
568 2140 675 2193 vetant
717 2131 793 2209 apud
816 2132 844 2191 S.
868 2131 1052 2208 cyprianum,
1078 2132 1173 2188 ‘Nam
1194 2132 1219 2188 si

172 2210 284 2271 FELL
718 2214 824 2271 ‘Jesus
858 2212 990 2273 Christus
1018 2212 1158 2270 Dominus
1189 2221 1219 2271 ct

214 2290 486 2375 a.1'›srpru'rn]Cod.
503 2296 605 2355 MStus
618 2307 676 2353 ΥΠ-
719 2295 820 2353 ‘Deus
840 2303 938 2352 nostor
957 2294 1018 2370 ipse
1034 2303 1077 2352 est
1091 2314 1219 2351 summus

173 2384 307 2433 Emm
720 2376 879 2436 ‘Sacerdos
894 2375 947 2434 Dei
963 2375 1077 2433 Patris.
1095 2421 1101 2433 .
1118 2420 1124 2433 .
1142 2419 1148 2432 .
1163 2376 1219 2434 uti-

213 2454 252 2515 ib.
275 2461 358 2515 sena
383 2461 416 2515 τὰ
436 2454 566 2537 γινόμενα]
595 2457 679 2517 Hanc
720 2463 796 2536 ‘que
816 2458 863 2517 ille
885 2458 1022 2516 Sacerdos
1034 2456 1096 2515 vice
1111 2456 1217 2516 Christi

172 2536 289 2615 plenam
316 2538 394 2598 Msci
421 2538 573 2598 lectionem
599 2540 678 2597 exhi·
720 2546 808 2597 ‘vere
836 2540 972 2615 fungitur,
1001 2539 1050 2615 qui
1085 2538 1115 2596 id
1142 2539 1219 2615 quod

171 2618 244 2679 bant
256 2618 385 2679 Wotton
406 2620 536 2679 Galland.
557 2620 676 2680 Schocu.
721 2621 875 2681 ‘Christus
898 2620 974 2692 fecit,
994 2620 1143 2678 imitatur.⁹
1168 2617 1219 2700 [E-

172 2698 268 2761 Hefel.
278 2700 454 2779 Reithmayr.
465 2712 494 2761 et
509 2702 676 2762 Dresselius.
718 2703 783 2779 pist.
801 2705 847 2777 ⁶3·
864 2723 890 2779 p.
907 2717 962 2776 155
978 2702 1020 2760 cd.
1034 2699 1118 2782 Fell]
1138 2701 1219 2761 Licet

172 2780 288 2841 Crateri
299 2784 454 2843 articulum
466 2788 498 2841 τά
512 2785 659 2844 omittunt.
717 2792 815 2844 autem
829 2783 960 2844 Christus
973 2784 1011 2842 sit
1024 2803 1097 2841 unus
1113 2783 1218 2841 utrius·

215 2864 243 2923 6.
271 2870 325 2924 me
356 2868 407 2939 γὰρ
438 2863 562 2946 νομίμοις]
594 2866 675 2925 Conf.
718 2866 918 2943 queFoederis
931 2884 1059 2924 summus
1074 2864 1218 2935 Sacerdos,

172 2946 597 3025 quaeobservantursupraad
618 2947 634 3024 ξ
653 2968 676 3019 1,
718 2948 778 3025 ejus
801 2956 898 3007 tamen
918 2948 994 3006 vices
1018 2946 1093 3025 gerit
1116 2946 1146 3003 in
1167 2946 1218 3004 Ec-

171 3028 235 3103 p8
255 3026 277 3085 l.
292 3046 319 3103 9.
718 3029 803 3087 alesia
822 3029 987 3107 Episcopus,
1008 3048 1065 3086 non
1086 3048 1167 3086 secus
1186 3047 1219 3086 ac

214 3122 241 3183 7.
256 3106 499 3189 τᾷγόρᾶρχκριῖ]
520 3109 678 3169 Ecclesiam
719 3112 897 3184 ὁἈρχιερεῦς
915 3110 946 3168 iu
964 3110 1089 3187 Templo.
1133 3110 1220 3168 Unde

172 3186 326 3249 Judaicam
353 3189 440 3249 firisse
465 3197 569 3269 typum
593 3192 675 3250 Chri·
719 3193 747 3253 S.
770 3192 947 3270 Cyprianus:
970 3192 1130 3250 ‘Dominus
1154 3211 1218 3249 nos-

171 3270 291 3336 mum.
305 3272 477 3348 eosdemque
493 3273 551 3331 sere
565 3274 678 3332 ordines
719 3280 793 3345 ‘ter,
815 3275 896 3351 cujus
919 3280 1069 3351 praecepta
1093 3280 1220 3330 metuere

172 3370 213 3411 ex
231 3352 366 3413 instituto
380 3352 437 3412 Dei
455 3354 534 3431 apud
552 3354 679 3414 Judaeos
719 3361 770 3415 ‘et
796 3356 947 3414 observare
977 3355 1121 3423 debemus,
1149 3354 1218 3430 ¹Epi-

173 3442 306 3513 rceaptos
330 3434 426 3506 brisso,
450 3436 501 3511 qui
527 3437 558 3493 in
582 3436 678 3495 Eccle-
720 3438 819 3514 ‘scopi
846 3437 991 3508 honorem,
1020 3444 1049 3494 et
1076 3435 1220 3494 Ecclesiae

173 3514 246 3575 siam
269 3515 378 3576 Christi
398 3516 506 3576 abolita
526 3517 679 3593 Dispensa-
721 3524 809 3577 ‘suae
836 3519 976 3577 rationem
1003 3518 1164 3593 disponens,
1189 3517 1218 3574 in

173 3596 255 3657 tione
272 3598 398 3657 Mosaiea
417 3598 535 3657 admissi
555 3600 679 3672 fuerunt,
722 3599 900 3677 ‘Evangelio
930 3598 1066 3675 loquitur,
1094 3606 1124 3656 et
1149 3599 1220 3657 dicit

173 3678 282 3739 nemini
290 3680 368 3758 apud
376 3680 537 3760 Scriptores
546 3681 680 3758 antiquos
720 3686 728 3714 ‘
742 3682 847 3740 Petro:
869 3682 934 3757 Epo
947 3681 999 3738 titi
1012 3681 1083 3751 dico,
1102 3680 1174 3754 qaia
1187 3690 1219 3737 te

172 3768 288 3821 versato
314 3781 373 3820 nou
400 3769 520 3822 comtat.
567 3762 679 3822 Habuit
721 3768 770 3821 ‘aa
789 3764 903 3833 Petrus,
922 3771 948 3819 et
968 3781 1054 3837 seper
1069 3762 1157 3819 ieter-m
1172 3782 1218 3836 pe-

174 3840 304 3903 Ecelesie
324 3842 447 3903 Judaica
467 3846 609 3918 Ἀρχιερέο,
629 3845 678 3903 Sa·
720 3850 819 3902 ‘tram
832 3842 984 3920 aedificabo
991 3843 1150 3900 Ecclesiam
1163 3863 1220 3901 erte-

172 3922 312 3996 ardete,
345 3934 375 3983 et
403 3924 544 3985 levitas?
582 3926 679 3986 Habet
720 3931 798 3997 ‘aaa
812 3926 863 3983 de.
905 3924 978 3982 Inde
992 3945 1042 4001 per
1055 3931 1217 4001 temporum

170 4004 261 4065 etim
278 4012 309 4065 at
329 4004 492 4065 Christiane
512 4006 677 4084 Episcopos‚
718 4012 770 4067 ‘ct
790 4006 998 4065 successionum
1010 4006 1086 4063 vices
1103 4006 1218 4082 Episco-

174 4084 368 4165 Presbyteros,
377 4095 407 4147 et
416 4087 567 4147 Diaconos
601 4088 678 4147 Hine
719 4093 844 4166 ‘porum
863 4087 1006 4147 ordinatio
1026 4095 1055 4145 et
1076 4087 1219 4146 Ecclesiae

172 4166 202 4227 Β.
217 4166 423 4245 Hieronymus,
439 4170 488 4245 qui
509 4189 583 4229 unus
601 4190 677 4229 eve·
718 4171 815 4229 ‘ratio
828 4170 962 4240 decurrit,
976 4176 1010 4228 ut
1024 4168 1150 4226 Ecclesia
1169 4189 1216 4227 su·

171 4248 283 4309 teribus
304 4250 539 4327 Presbyterorum
560 4251 678 4327 paritati
719 4258 793 4329 ‘per
806 4252 963 4329 Episcopos
977 4250 1174 4317 constituatur,
1189 4258 1218 4309 et

172 4328 219 4389 vel
229 4330 383 4389 mnimum
392 4332 592 4405 favet,l'atetur
601 4333 678 4391 idem
719 4338 727 4365 ‘
741 4334 834 4392 omnis
847 4341 927 4392 actus
942 4332 1083 4391 Ecclesiae
1096 4352 1147 4408 per
1157 4352 1218 4391 cos-

171 4410 260 4472 fuisse
292 4412 324 4471 in
351 4414 478 4473 Ecclesia
504 4414 679 4491 Episcopum
720 4416 806 4474 ‘dem
827 4414 1004 4492 praepositos
1025 4413 1218 4491 gubenrctur'

172 4494 251 4573 quod
264 4492 364 4554 Aaron
377 4494 409 4555 in
422 4494 549 4572 Templo.
559 4495 678 4573 Presby-
721 4497 787 4573 [Ep.
813 4496 915 4567 xxxiii,
943 4517 969 4573 p.
995 4497 1032 4552 66
1060 4496 1103 4554 ed.
1130 4495 1214 4569 Fell]

171 4582 252 4635 teres
270 4576 349 4653 quod
369 4584 399 4636 et
419 4576 595 4648 Sacerdotes,
609 4578 678 4636 Dia·
718 4576 842 4635 WOTT.
894 4577 962 4636 Non
975 4596 1079 4653 negare
1093 4595 1217 4652 possum,

170 4676 316 4735 conosque
328 4658 405 4735 quod
419 4658 543 4718 Levitae.
568 4662 601 4734 [1
625 4660 675 4736 up.
718 4659 752 4717 V.
769 4660 800 4717 T.
822 4658 1020 4716 Hierarchiam
1041 4677 1114 4733 ‹yuac
1134 4678 1216 4715 voca·

173 4754 212 4813 52
237 4740 275 4797 ad
298 4738 329 4797 N
398 4740 504 4813 ionum,
524 4740 541 4800 i.
570 4761 598 4819 p.
619 4744 677 4799 260
718 4748 767 4799 tur
792 4740 830 4797 ad
852 4739 1080 4798 Christianorum
1100 4739 1218 4797 societa-

172 4820 217 4879 cd
233 4820 353 4879 Vellera
387 4820 462 4881 Vide
476 4842 549 4899 quae
565 4824 594 4880 in
610 4823 676 4882 Dis·
718 4831 778 4881 tem
801 4820 1028 4879 accommodari:
1050 4821 1110 4897 ipsa
1131 4822 1219 4878 verba

170 4906 239 4961 cerr.
265 4900 492 4962 Prooemialibus
514 4904 568 4961 hac
588 4905 623 4962 de
643 4925 674 4963 re
714 4910 792 4962 τόπος
806 4910 837 4961 et
850 4905 960 4959 διακονία
973 4902 1075 4979 quibus
1094 4921 1160 4959 usus
1175 4912 1218 4961 est

170 4982 392 5043 observavimus
413 4982 453 5065 [p
463 4984 573 5044 ccxviii.
614 4985 674 5043 Ali·
716 4986 849 5043 Clemens
863 4984 1068 5055 demonstrant,
1089 4984 1160 5041 illud
1180 4985 1217 5041 ad

170 5065 287 5141 quaudo
299 5074 330 5123 et
343 5064 476 5125 Christus
495 5066 556 5143 ipse
569 5067 676 5126 (icitur
717 5067 909 5143 l‘resbyteros,
924 5072 938 5137 §
956 5087 1002 5137 44,
1016 5062 1070 5123 hoc
1090 5066 1126 5123 od
1149 5066 1216 5123 Dia-

168 5146 358 5223 ὁἊρχαριύς.
406 5146 674 5225 Ct8.1gnatium,
716 5168 801 5207 conos
836 5148 941 5206 referri.
995 5148 1052 5205 Sed
1081 5150 1216 5205 Summus

770 5264 825 5309 112
