3250 6617
468 1092 531 1155 nn
552 1090 843 1171 con1uuu10s,
865 1116 917 1155 xx.
1174 1091 1214 1160 91

176 1264 302 1365 ipsum
326 1274 417 1339 sunt
438 1267 575 1355 mundi,
593 1267 728 1342 eisdem
746 1266 895 1341 Domini
921 1262 1218 1364 dispositionibus

177 1380 441 1481 gubernantur.
501 1383 656 1473 Vernae,
692 1385 863 1471 aestivae,
905 1381 1145 1467 autumnales,
1180 1389 1219 1453 et

178 1497 364 1597 hyemales
381 1508 629 1599 tempestates,
643 1501 681 1574 in
698 1527 786 1600 pace
803 1499 895 1574 aliae
912 1498 992 1573 aliis
1010 1496 1216 1572 succedunt.

178 1612 387 1689 Ventorum
411 1616 590 1692 stationes
614 1616 788 1717 peculiari
813 1643 879 1691 sno
900 1624 1062 1713 tempore
1085 1639 1218 1686 mnnns

176 1756 287 1803 suum
310 1730 389 1805 sine
409 1731 623 1806 offendiculo
646 1733 791 1807 obeunt.
845 1732 980 1805 Fontes
1006 1731 1116 1804 etiam
1139 1756 1218 1829 per-

176 1872 302 1933 ennes,
328 1847 376 1921 ad
398 1874 506 1921 usum
532 1860 571 1922 et
593 1850 789 1923 sanitatem
811 1848 909 1935 faeti,
926 1848 1038 1922 ubera
1059 1848 1137 1921 sine
1158 1847 1219 1921 de-

177 1961 279 2037 fectu
294 1963 343 2037 ad
359 1964 475 2039 vitam
499 1965 690 2039 hominnm
715 1966 994 2040 sustentandam
1019 1963 1217 2064 praebent;

175 2087 219 2153 et
233 2080 406 2155 animalis
421 2082 572 2156 minima
587 2082 627 2155 in
643 2108 731 2182 paee
748 2091 787 2156 et
803 2081 992 2156 eoncordia
1007 2106 1220 2179 congressus

176 2284 188 2313 ‘
199 2280 262 2357 ejus
287 2280 397 2359 gratiae
421 2280 530 2355 habuit,
556 2288 590 2341 ut
612 2303 678 2341 cnm
719 2302 775 2341 non
804 2282 918 2360 penitus
945 2281 1012 2339 ‘ubi
1039 2280 1101 2338 vult
1130 2279 1220 2355 spirat

177 2362 323 2421 ‘ulte-im
336 2362 421 2423 Orbis
431 2362 678 2441 Papamvocarct)
719 2364 859 2423 ‘ventus'
880 2361 989 2421 FELL.
1030 2362 1110 2420 Cani.
1126 2362 1221 2431 ἀνέμων

175 2442 256 2501 inter
282 2442 390 2503 Decem
417 2444 575 2521 Scriptores
599 2446 675 2505 Hist.
718 2448 839 2517 σταθμόν,
862 2444 926 2503 Job.
948 2442 1038 2501 xxviii
1061 2457 1107 2515 25,
1129 2441 1217 2499 Lxx.

175 2522 301 2603 Angliac
332 2545 351 2582 a
387 2524 544 2603 Twysdeno
575 2528 676 2593 editos,
718 2528 827 2587 Madcr.
842 2535 871 2586 et
886 2525 954 2584 Fell.
971 2545 1035 2584 curn
1049 2524 1136 2582 Jnuio
1155 2543 1219 2581 ver·

176 2604 270 2665 Lond
289 2608 374 2679 1652,
388 2627 415 2684 p.
435 2622 518 2682 1327.
560 2608 679 2669 Pbotins
719 2618 786 2668 tunt
799 2608 1114 2675 maturescentium&
1137 2604 1219 2663 Colo-

177 2686 250 2747 cod
265 2687 351 2746 axvi
363 2690 533 2747 sentent-ism
546 2690 677 2749 Clemen-
719 2692 831 2763 mosius,
845 2711 930 2767 quern
950 2688 1039 2747 seeuti
1055 2696 1121 2745 sunt
1136 2687 1220 2745 Cote-

175 2768 218 2828 tis
230 2769 323 2845 magis
343 2789 429 2847 quam
444 2772 530 2830 verbo
549 2773 677 2850 castigat,
718 2773 812 2846 lenius,
838 2771 1029 2841 Constantius,
1052 2778 1081 2828 ct
1103 2768 1219 2827 Gallon-

175 2850 260 2927 quui
287 2850 324 2909 dc
350 2851 480 2928 pluribus
503 2854 616 2912 mundis
636 2855 678 2913 lo·
718 2854 791 2927 dius,
808 2852 1133 2913 Vennum-nelibromirnt.
1154 2850 1219 2907 Wa-

175 2938 323 3009 qneretur.
363 2936 510 2991 Αἰτιάσοιπο
536 2936 558 2991 δ’
584 2938 615 2993 ὃν
639 2961 678 2995 τις
718 2936 792 3008 luins,
820 2934 879 2993 Plu
905 2935 1011 2993 cererin
1034 2942 1164 3008 puartcrs
1191 2930 1227 3005 os

175 3016 255 3071 αὐτὸν
269 3057 277 3070 .
292 3055 323 3072 ..
351 3016 441 3073 .ὅπι.
459 3022 547 3074 ..ποῦ
560 3019 679 3074 Ὠκεανοῦ
718 3017 762 3075 the
774 3017 876 3075 winsia.
914 3014 1037 3075 Cbcvnll.
1057 3013 1221 3072 Tliewiuds

175 3096 229 3165 ἔξω
242 3100 354 3166 κόσμους
369 3098 438 3154 τινας
450 3099 593 3155 ὑποτίθεται
606 3097 674 3156 cim
716 3099 750 3155 in
764 3098 956 3156 tlwirseecral
974 3097 1101 3154 stationae.
1146 3095 1220 3152 Her-

176 3174 350 3235 (loustantio
377 3184 407 3235 et
428 3176 566 3237 Vallamio
592 3179 677 3257 longe
718 3181 824 3257 zogius,
842 3180 1035 3254 Usupeliiulcrt
1052 3178 1160 3253 Μαι
1174 3177 1219 3235 dis

175 3258 354 3335 probabilius
366 3258 480 3318 videtur
492 3260 620 3337 cognitas
633 3282 678 3319 or·
724 3262 758 3319 W
755 3262 824 3319 inde
837 3284 879 3319 an
892 3262 973 3319 ibren
989 3261 1093 3319 Stellen
1105 3258 1171 3316 und
1181 3279 1219 3316 sat

176 3338 223 3397 bis
236 3346 341 3415 partes.
355 3358 428 3416 quac
447 3340 525 3417 prius
543 3341 677 3408 latebant,
717 3343 795 3401 ihrer
807 3344 872 3402 Zeit
885 3343 959 3401 ila-res
973 3342 1076 3399 ituree.

177 3427 262 3479 extra
285 3418 431 3479 Oceanum
457 3422 579 3482 mundos
604 3444 623 3483 n
643 3424 676 3483 B.
759 3439 784 3498 5.
814 3420 995 3502 ἇπροακόποο]
1036 3422 1219 3498 Adjeetivum

178 3500 265 3560 Patre
277 3501 423 3581 appellari.
716 3507 880 3579 ἀπρόσκοπος
893 3505 1008 3563 adhibet
1020 3504 1054 3561 D.
1069 3503 1172 3561 Paulus
1182 3503 1219 3560 nd

177 3583 678 3740 sutffildttlsstlltl
718 3586 1219 3747 &bitti“tillidita

177 3750 276 3819 παγαῖς,
296 3746 393 3805 Fellus
412 3750 546 3821 ἐπιταγαῖς,
567 3748 678 3807 Boisius
718 3774 778 3807 onoc
822 3748 911 3808 Wott.
932 3748 1004 3806 Gall.
1025 3748 1115 3805 H'elel.
1132 3748 1219 3805 Dres.

177 3828 314 3902 διαιαγπῖο.
363 3828 450 3905 Apud
476 3827 592 3905 Origen.
620 3835 679 3903 περὶ
718 3831 804 3889 selins
832 3830 909 3889 Msti
935 3830 1106 3906 scripturam
1140 3829 1219 3886 exhi·

176 3908 280 3983 Ἀρχῶν
299 3908 332 3966 II
352 3908 383 3965 iii
404 3911 431 3973 6,
455 3910 504 3968 nbi
527 3910 574 3968 bic
601 3910 679 3969 loeus
718 3912 795 3983 bent,
824 3931 909 3989 quam
937 3911 1014 3988 legin
1041 3912 1128 3970 etiam
1152 3910 1217 3968 Job.

177 3988 321 4057 lsudstur,
335 3990 463 4049 Ruffinus
476 3991 617 4069 interpres
630 3992 678 4050 ha·
719 3993 770 4051 xix
790 4008 835 4067 25.
876 3994 984 4052 Platon.
1009 3992 1110 4051 Phaed.
1131 3998 1145 4063 t
1163 4011 1218 4066 139

176 4070 228 4129 bet
254 4070 495 4147 disponit-ionibus.
523 4093 608 4151 quem
636 4094 679 4133 se-
718 4077 812 4131 ἀονάον
825 4083 949 4147 ποταμῶν.
978 4074 1122 4150 Aristopb.
1140 4074 1217 4132 Nub.

177 4158 306 4229 qunntur
320 4152 472 4213 Wottonus
492 4162 522 4213 et
538 4155 677 4214 Schoenc-
721 4170 777 4230 275
792 4158 875 4213 ἀέναοι
888 4158 1001 4230 νεφολοι.
1024 4155 1110 4232 Apud
1126 4156 1220 4232 Scrip-

177 4250 274 4291 mnnn.
308 4232 368 4291 Alii
381 4236 536 4295 mondum.
578 4237 614 4293 In
629 4236 679 4297 Se-
719 4246 795 4295 tores
809 4237 1018 4295 Alexandrinos
1034 4247 1220 4295 consonantes

176 4312 242 4373 leet
264 4314 302 4373 ad
322 4316 422 4375 Ezecb.
437 4316 488 4375 viii
504 4338 531 4393 3,
553 4318 625 4396 Opp.
647 4318 677 4375 iii
718 4318 861 4395 simplices
883 4340 935 4395 pro
957 4319 1117 4395 duplicibus
1138 4319 1217 4375 adbi-

177 4414 205 4473 p.
232 4415 292 4469 42²
326 4398 368 4457 ed.
398 4398 502 4458 Bencd.
540 4400 678 4477 Origenes
717 4400 795 4458 bitae
808 4400 914 4477 passim
928 4402 1117 4477 reperiuntur.
1147 4400 1220 4457 Vide

176 4476 297 4537 exhibet
316 4480 449 4557 διοπηαῖο,
470 4481 547 4558 qnod
566 4483 678 4540 monuit
719 4481 865 4540 Sturzium
893 4483 928 4540 de
956 4482 1029 4539 Dinl.
1052 4482 1161 4539 Maced.
1191 4489 1220 4539 et

177 4556 354 4619 Gallsndius
718 4562 799 4621 Alex.
816 4584 842 4640 p.
863 4582 925 4639 129.

221 4658 247 4698 α.
261 4644 439 4719 sempron]
463 4642 563 4703 Codex
576 4644 678 4703 MStus
760 4647 785 4702 6.
832 4647 926 4719 lpum
983 4656 1103 4700 rrsmu
1149 4644 1217 4701 Cod.

178 4730 421 4780 ussonormon
719 4725 828 4783 MStus.

219 4822 247 4875 4.
261 4804 372 4873 ’Δήμων
385 4807 506 4879 σταθμοὶ]
529 4806 595 4865 Scil.
611 4806 678 4865 Etc-
760 4820 786 4880 7.
809 4808 885 4880 ζωῆς]
908 4806 980 4865 Edd.
1005 4805 1082 4887 [ante
1106 4806 1219 4865 Wotto·

177 4881 244 4943 sise
259 4882 477 4945 SANOROFT.
506 4886 602 4946 Etiam
612 4908 679 4946 ven·
719 4884 800 4967 num]
828 4890 898 4959 ζωὴν.
950 4889 1006 4947 Sed
1035 4888 1112 4947 usti
1137 4888 1220 4947 lectio

177 4964 211 5029 u.
232 4971 378 5043 utcunque
399 4966 600 5035 inconstantes,
621 4970 678 5047 legi
718 4970 868 5028 retinenda
881 4969 1001 5029 videtur.
1039 4971 1087 5027 Sic
1100 4970 1176 5027 enirn
1191 4978 1220 5029 et

177 5046 385 5123 subjiciuntur:
406 5068 501 5107 annno
522 5058 679 5127 agnoscunt
719 5050 778 5109 Act
792 5051 872 5109 xxvii
884 5072 922 5125 34
937 5053 1035 5110 eadem
1048 5051 1219 5129 praepositio

179 5124 303 5202 damian
331 5136 361 5189 et
386 5130 471 5189 statis
504 5132 680 5207 temporibus
719 5133 843 5190 seeundo
865 5132 941 5191 eosui
964 5134 1065 5210 juncta
1085 5134 1138 5191 boc
1158 5134 1219 5210 ipso

179 5208 261 5285 quasi
271 5230 307 5269 ex
317 5211 449 5271 condicto
456 5212 577 5272 redeunt
588 5234 597 5285 ;
610 5214 680 5272 adeo
720 5234 804 5273 sensu
818 5222 978 5292 usurpatur.
1004 5215 1204 5275 GALLAND.

780 5330 837 5377 ΝΞ
