3250 6617
545 1084 651 1148 VITA
672 1086 727 1148 ΕΤ
749 1085 957 1148 SCRIPTIS.
1216 1088 1282 1151 lxiii

241 1262 384 1329 ἱκανωτάτη,
398 1262 428 1330 ἐξ
449 1260 478 1330 ἧς
499 1264 539 1315 καὶ
558 1265 602 1315 τὸν
619 1265 765 1335 χαρακτῆρα
777 1265 822 1331 τῆς
841 1263 954 1318 πίστεως
974 1263 1058 1324 αὐτοῦ,
1073 1265 1113 1317 καὶ
1126 1265 1156 1317 τὸ
1169 1262 1284 1336 κήρυγμα

240 1361 285 1428 τῆς
297 1358 422 1429 hadar,
437 1362 461 1414 ol
478 1362 631 1428 βουλόμενοι
647 1363 686 1414 καὶ
704 1359 881 1432 φροντίζοντες
893 1362 937 1429 τῆς
950 1361 1045 1414 ἑαυτῶν
1058 1358 1184 1431 σωτηρίας
1197 1360 1284 1415 δύναν-

241 1479 283 1511 ται
303 1456 397 1527 ραθιῑν.
431 1455 573 1527 benacus,
587 1466 624 1512 111
640 1456 671 1512 iii
687 1476 712 1527 4.
756 1455 797 1513 cf.
816 1456 917 1514 Euseb.
935 1455 972 1512 Η.
990 1456 1022 1513 Ε.
1039 1455 1070 1513 iii
1086 1458 1132 1529 36,
1148 1456 1176 1514 iv
1195 1476 1240 1529 14,
1254 1464 1282 1515 et

243 1553 374 1612 Pearson.
391 1553 501 1612 Vindio.
518 1554 611 1632 Ignat.
628 1553 643 1610 I
665 1575 690 1612 v.

282 1662 402 1727 'aspiro
415 1649 509 1732 bodie]
523 1652 598 1711 Vide
611 1652 650 1710 sis
663 1671 749 1728 supra
763 1671 791 1728 p.
804 1651 871 1708 xvii.

285 1751 296 1791 ῑ
316 1749 453 1808 iudaice
468 1747 618 1830 conventu]
639 1749 731 1823 Quem
747 1748 833 1806 Asiae
854 1755 1026 1807 conventum
1047 1747 1198 1825 intelligat,
1214 1748 1287 1805 diffi-

245 1846 337 1905 culter
364 1847 552 1924 cognoscitur.
610 1847 785 1925 Sophronias
812 1846 917 1912 reddit,
939 1849 966 1901 ἐν
987 1852 1018 1916 τῇ
1042 1850 1149 1916 'Arium
1176 1849 1286 1923 σννόδφ.

245 1944 366 2005 Constat
379 1946 475 2023 igitur,
487 1967 546 2005 non
559 1966 619 2005 esse
633 1964 793 2005 sermonem
806 1945 843 2004 de
856 1944 1044 2003 conventibus
1058 1943 1287 2003 Christianorum

245 2044 426 2121 quotidianis,
440 2045 491 2104 sed
509 2045 545 2104 de
563 2044 683 2104 notabili
698 2044 822 2121 quodam
841 2042 931 2103 totius
944 2042 1088 2101 Asiaticae
1107 2043 1201 2120 gentis
1220 2062 1286 2101 con·

245 2150 342 2201 ventu,
373 2142 417 2201 De
431 2142 585 2220 provinciis
598 2143 802 2206 Romanorum,
818 2162 854 2200 ex
869 2141 954 2199 Plinii
969 2141 1043 2200 libro
1057 2151 1080 2196 x
1094 2141 1222 2219 epistolis
1240 2145 1288 2213 60,

250 2259 315 2315 103,
330 2248 359 2300 et
372 2241 494 2313 aliunde,
509 2242 648 2314 novimus,
663 2241 739 2318 quod
760 2240 838 2299 diem
859 2239 948 2306 illum,
966 2260 1024 2317 quo
1044 2239 1231 2315 imperatores
1251 2240 1289 2298 ad

246 2336 418 2415 reipublicae
431 2337 623 2416 gubernacula
635 2337 743 2396 admoti
754 2344 858 2409 essent,
868 2337 1022 2414 quotannis
1035 2357 1139 2414 magna
1152 2337 1290 2415 religione

246 2435 379 2513 ludisque
401 2455 435 2494 ac
461 2436 629 2513 spectaculis
650 2436 865 2509 celebraverint,
889 2443 1042 2513 praeeunte
1066 2435 1199 2495 videlicet
1224 2456 1290 2513 pro

246 2532 357 2593 vinciae
369 2535 519 2612 praefecto,
533 2555 619 2612 quem
635 2535 827 2611 sequebantur
844 2534 951 2593 milites
970 2555 1003 2593 ac
1023 2535 1111 2612 legati
1132 2535 1290 2606 civitatum,

248 2651 320 2710 quos
339 2632 527 2709 provinciales
540 2641 644 2693 vocant
658 2634 797 2711 Trajanus
816 2640 845 2691 et
861 2633 978 2691 Plinius.
1022 2633 1109 2692 Hunc
1130 2654 1240 2692 morem
1260 2633 1291 2691 in

249 2729 319 2789 Asia
339 2731 494 2791 obtinuisse
514 2732 641 2791 dubitari
661 2752 719 2790 non
739 2739 856 2809 potest;
876 2732 1017 2808 credoque
1029 2731 1106 2789 hunc
1119 2740 1292 2790 conventum

247 2828 284 2888 ab
297 2828 416 2888 Aurelio
430 2828 586 2901 Antonino,
600 2830 674 2888 libro
688 2830 733 2888 IV
748 2829 874 2900 Eusebii,
888 2849 948 2906 cap.
968 2849 1014 2904 13,
1033 2833 1116 2886 κοινὸν
1134 2834 1179 2901 τῆς
1191 2829 1289 2896 Ἀσίας,

248 2946 396 2986 maniam
409 2926 497 2986 Asiae
510 2928 647 3005 appellari
657 2949 666 3002 3
687 2936 721 2987 nt
735 2935 765 2988 et
777 2927 908 2987 Valesius
921 2927 1009 2986 sentit
1022 2927 1053 2985 in
1067 2929 1143 2988 notis
1157 2928 1194 2986 ad
1208 2927 1292 2986 illum

248 3020 365 3081 Eusebii
388 3023 492 3082 locum.
535 3024 622 3082 Hunc
644 3025 797 3103 quotannis
820 3025 1008 3084 conveniendi
1032 3045 1141 3085 morem
1167 3025 1198 3083 in
1220 3024 1293 3083 Asia

248 3125 394 3180 retentum
419 3121 506 3181 fuisse
535 3121 667 3196 arbitror,
696 3143 785 3199 quum
815 3123 878 3201 jam
905 3123 1061 3182 Christiani
1094 3123 1292 3200 imperassent,

247 3221 376 3298 adeoque
396 3223 478 3277 κοινὸν
490 3221 588 3293 Ἀσίας,
609 3242 757 3280 commemo
774 3221 872 3295 Asiae,
893 3222 939 3281 hie
959 3222 1109 3300 indigitari
1128 3223 1165 3281 ab
1187 3223 1293 3282 Hiero·

249 3339 345 3396 uymo.
389 3318 426 3376 In
448 3327 592 3378 conventu
612 3320 689 3380 enim
713 3321 762 3379 illo
786 3321 964 3380 Christianos
987 3321 1233 3398 primoomnium
1259 3322 1295 3381 de

250 3417 390 3496 religione
402 3417 563 3477 consultare
577 3418 703 3491 decebat,
717 3439 750 3477 ac
767 3418 931 3497 praelegere
948 3426 1012 3479 acta
1032 3426 1201 3497 martyrum,
1215 3441 1296 3498 prac-

251 3514 335 3594 cipue
347 3535 416 3574 vero
430 3515 580 3592 epistolam
594 3515 638 3574 sui
655 3515 784 3593 primarii
797 3516 932 3595 episcopi,
947 3516 1105 3594 Polycarpi,
1119 3525 1153 3576 ut
1166 3517 1297 3595 gentiles,

252 3612 483 3673 eonvenientinm
495 3613 690 3680 multitudine.
705 3614 863 3686 ardorque
880 3614 950 3688 uelo,
964 3615 1168 3674 inducerentur
1184 3615 1220 3673 ad
1238 3635 1298 3673 am-

252 3712 433 3792 plectendam
453 3712 614 3772 doctrinam
634 3713 807 3784 salutarem,
828 3719 892 3771 tum
909 3713 996 3772 etiam
1013 3720 1047 3772 nt
1061 3713 1218 3773 Christiani
1232 3732 1298 3771 con·

253 3809 436 3869 firmarentur
449 3810 616 3870 admirando
631 3811 780 3889 Polycarpi
798 3817 995 3883 monumento,
1009 3831 1042 3870 ac
1059 3818 1298 3889 praepararentur

253 3908 292 3969 ad
312 3909 492 3969 sistinendas
514 3911 732 3988 persecutiones,
749 3909 773 3968 si
794 3928 867 3986 quae
884 3908 967 3983 forte,
980 3917 1014 3969 ut
1031 3909 1051 3968 J
1052 3910 1141 3969 uliani
1160 3917 1298 3988 tempore,

254 4007 490 4085 supervenissent
533 4008 669 4087 Intelligo
683 4016 779 4068 autem
793 4015 967 4066 conventum
980 4006 1065 4067 Asiae
1078 4009 1299 4087 proconsularis,

255 4124 315 4164 uon
338 4103 433 4177 Asiae,
457 4125 530 4184 quae
553 4105 671 4166 tertiam
695 4106 772 4166 orbis
795 4113 939 4166 terrarum
963 4113 1076 4184 partem
1099 4113 1188 4167 notat
1217 4106 1250 4165 Ε.
1268 4106 1296 4165 S.

256 4201 499 4264 CYPRIANUS.
674 4233 676 4236 ⁴
