3250 6617
536 1080 600 1144 AD
621 1078 913 1157 CORINTHIOS,
928 1081 983 1143 xii.
1240 1085 1282 1151 49

241 1249 399 1327 Sodoma
415 1251 539 1325 sulvus
559 1252 686 1337 evasit,
704 1278 819 1350 quum
842 1252 942 1352 regio
960 1260 1041 1325 tota
1065 1252 1103 1324 in
1129 1251 1283 1326 circuitu

240 1368 324 1469 igne
352 1378 392 1443 et
418 1368 593 1469 sulphure
622 1396 758 1468 poenas
791 1369 933 1458 lueret3
974 1370 1132 1444 Domine
1162 1369 1283 1468 pelam

240 1485 395 1560 faciente
428 1486 528 1585 quod
561 1513 635 1560 non
668 1485 900 1585 derelinqunt
933 1514 994 1561 eos
1032 1488 1098 1586 qui
1131 1489 1170 1560 in
1204 1488 1283 1586 ipse

241 1630 343 1703 spem
367 1604 569 1693 collocent3
597 1613 723 1678 eontra
744 1631 831 1678 vero
856 1604 922 1702 qui
950 1633 973 1678 a
997 1605 1181 1679 mandatis
1205 1605 1284 1703 ejus
1300 1622 1379 1670 2Pet.
1393 1622 1410 1668 ii

241 1718 436 1806 declinant,
470 1719 657 1818 suppliciis
691 1729 730 1792 et
763 1721 957 1793 tormentis
991 1720 1148 1818 puniat:
1192 1690 1370 1790 uxer⁶‘⁸'

242 1835 339 1910 enim
369 1836 459 1935 ejus,
489 1863 583 1934 quae
613 1862 688 1910 una
721 1863 804 1910 cum
838 1863 880 1910 ee
914 1837 1005 1910 urbe
1039 1863 1184 1935 egresse
1218 1845 1284 1922 est,

241 1978 356 2051 quum
390 1953 436 2027 ab
470 1980 512 2027 eo
549 1952 771 2041 dissentiret,
805 1980 872 2027 nec
906 1954 945 2026 in
985 1954 1173 2027 concordia
1207 1979 1286 2052 per-

242 2069 399 2157 sisteret,
428 2070 468 2143 in
498 2070 645 2169 signum
675 2081 869 2169 propterea
897 2070 1017 2169 posita
1047 2081 1113 2155 est,
1140 2081 1179 2143 et
1202 2069 1287 2142 salis

242 2196 369 2261 statua
396 2186 436 2259 in
460 2185 676 2260 hodiernum
704 2186 801 2260 diem
830 2186 926 2260 faeta
953 2195 1019 2272 est,
1044 2197 1089 2259 ut
1118 2187 1287 2260 omnibus

243 2302 496 2389 innotesceret,
513 2304 611 2402 quod
632 2304 753 2376 animo
779 2303 883 2377 dubii
909 2303 1011 2376 etde
1036 2304 1205 2401 potentia
1222 2305 1288 2377 Di·
1300 2320 1361 2367 Luc.
1376 2318 1426 2366 xvii

243 2418 330 2493 vina
354 2419 579 2494 haesitantes
609 2420 648 2493 iu
672 2420 855 2519 judicium
885 2431 925 2493 et
947 2420 1092 2519 signum
1119 2400 1357 2513 omnibusiiip.
1370 2466 1387 2497 x
1402 2464 1422 2510 7.

243 2537 539 2636 generationibus
555 2546 814 2636 proponentur.

295 2652 385 2727 XII.
424 2654 580 2752 Propter
612 2654 721 2729 fidem
756 2664 796 2727 et
823 2653 1122 2752 hospitalitatem,
1159 2654 1352 2728 Rahahros.
1367 2666 1391 2713 ii.

286 2917 312 2973 6.
328 2918 452 2974 οἶςτοῦτο
462 2911 657 2995 οημεῖοοέτέθη]
671 2914 746 2973 Ceu·
786 2923 842 2974 tur.
880 2915 966 2973 Hom.
983 2936 1001 2972 v
1015 2916 1051 2973 nd
1069 2916 1136 2993 Pop.
1154 2916 1288 2975 Autiech.

245 3004 330 3056 stant
346 2996 442 3069 vertit,
456 2995 490 3054 io
502 2996 671 3072 hujusmodi
690 2997 746 3071 rip-
787 3005 858 3055 tem.
875 2997 894 3054 ii
917 3018 944 3073 p.
964 3014 1001 3072 59
1024 2997 1066 3055 ed.
1085 2998 1151 3056 Bcn.
1198 2998 1289 3072 Quer-

245 3098 319 3137 mtm
326 3079 425 3155 posita
438 3089 484 3137 est.
788 3099 853 3136 cum
868 3079 1006 3143 Membro,
1018 3080 1137 3156 subque
1150 3080 1291 3138 habitavit

287 3174 314 3235 7.
330 3162 377 3219 ἕως
389 3164 434 3232 τῆς
449 3160 542 3233 ἡμέρας
559 3155 661 3239 ταύτης]
684 3160 748 3218 Cle·
787 3159 945 3228 Abraham,
962 3181 1050 3237 usque
1071 3162 1107 3218 ed
1129 3162 1292 3219 Constantii

247 3260 336 3311 mens,
362 3240 467 3299 saeculi
493 3241 666 3318 praejudicio
698 3242 748 3299 ab·
789 3243 863 3319 Imp.
887 3250 1017 3318 tempere
1037 3250 1226 3301 monstrntem
1249 3244 1289 3300 lu-

247 3329 353 3401 reptus,
366 3322 482 3380 infirmo
495 3322 748 3399 utiturergumen-
789 3324 852 3396 isse,
879 3331 1003 3381 testatur
1031 3324 1225 3400 Hieronymus
1257 3326 1292 3383 de

247 3410 287 3476 to,
306 3412 358 3463 sut
376 3404 413 3461 sd
433 3404 579 3462 hominem
599 3425 749 3479 argumen-
790 3405 842 3463 Sit.
866 3412 896 3463 et
918 3405 1002 3462 Nom.
1026 3407 1092 3463 Loc.
1116 3406 1204 3462 llebr.
1221 3414 1290 3464 tom.

248 3492 333 3545 tatur.
373 3484 511 3559 Quemvis
523 3486 609 3544 multi
621 3494 750 3545 veterum
791 3486 823 3544 iii
837 3507 883 3563 pp.
904 3506 959 3561 130
979 3502 1033 3561 195
1049 3488 1091 3545 ed.
1107 3487 1226 3544 Vollers.

249 3566 366 3627 Potmm
376 3564 424 3706 ‘Le
439 3588 466 3645 g.
489 3567 567 3645 apud
590 3567 750 3639 Irenaeum,
833 3572 859 3625 8.
890 3573 915 3624 ol
944 3571 1053 3641 δίψυχοι
1080 3594 1102 3624 κ.
1123 3593 1146 3624 τ.
1165 3566 1206 3648 λ.]
1246 3569 1293 3627 Sic

251 3648 337 3707 Haer.
358 3648 375 3706 Ῑ
420 3648 493 3706 xxxi
509 3668 535 3722 2,
557 3649 684 3723 xxxlll9
706 3649 749 3706 etl.
790 3649 865 3706 infra
890 3649 904 3725 ξ
930 3668 976 3723 23,
995 3653 1156 3724 Ταλαίπωροι
1180 3653 1246 3706 εἰσίν
1269 3656 1293 3705 ol

251 3730 384 3789 hlmtlet.
428 3732 471 3789 Cf.
488 3730 593 3789 Routh.
611 3730 671 3787 llel.
688 3730 748 3787 Suc.
792 3735 908 3805 δίψυχοι,
923 3736 948 3787 oi
968 3734 1127 3800 διστάζοντες
1147 3734 1192 3801 τὴν
1205 3734 1295 3804 ψυχήν

250 3811 262 3869 i
281 3832 308 3889 p.
330 3808 392 3891 57.]
416 3819 554 3888 tunquam
578 3811 671 3869 adhue
692 3831 752 3868 me·
793 3858 823 3870 ..
842 3856 848 3868 .
864 3811 952 3888 Apud
968 3812 1067 3869 Herm.
1085 3812 1159 3869 Post.
1176 3816 1293 3886 δίψυχοι,

250 3893 345 3953 nentis
370 3894 455 3970 hujus
486 3900 598 3951 statuae
630 3894 752 3952 mentio·
793 3894 882 3952 numa.
900 3914 922 3952 c.
938 3915 965 3971 g.
987 3895 994 3948 Ι
1014 3894 1022 3950 i
1041 3913 1064 3963 1,
1080 3894 1179 3950 ‘Haec
1198 3904 1294 3951 eutem

252 3994 318 4034 nem
331 3974 459 4047 fecerint,
474 3982 504 4035 et
517 3974 661 4051 Joscplrus
679 3976 752 4051 ejus·
793 3980 800 4006 ‘
815 3975 922 4033 faciunt
936 3975 1024 4046 dubii,
1039 3975 1087 4051 qui
1110 3995 1168 4031 non
1188 3975 1294 4033 habeut

251 4056 316 4113 (lem
349 4076 415 4115 eum
451 4055 601 4115 Clemente
641 4056 751 4125 aetatis,
794 4063 895 4133 ‘spem
924 4058 954 4114 in
982 4057 1124 4114 Domino)
1167 4057 1182 4112 I
1210 4058 1240 4114 iv
1267 4077 1293 4119 2.

255 4136 366 4215 [Antiq.
396 4138 412 4195 I
440 4137 470 4195 xi
495 4134 537 4217 4.]
565 4138 751 4214 nonnullique
792 4138 931 4196 ‘Credite
952 4139 1023 4209 Deo,
1038 4138 1085 4215 qui
1108 4138 1176 4195 ostis
1197 4138 1294 4195 ‹lubii'

250 4220 439 4277 recentiorum
454 4219 543 4277 oculis
556 4239 587 4277 se
597 4239 659 4277 eam
670 4240 751 4277 usur·
792 4220 829 4276 ib.
853 4220 931 4278 ‘Vno
945 4220 1038 4277 dubiis
1053 4220 1104 4290 iis,'
1119 4222 1167 4277 hc.
1184 4230 1211 4277 et
1227 4221 1293 4277 olibi

251 4320 332 4377 perse
357 4308 482 4371 narrent,
505 4300 631 4358 sebulem
655 4308 751 4359 temen
792 4301 911 4377 saepius.

251 4400 320 4453 me,
336 4389 366 4441 et
384 4381 479 4440 neseio
500 4382 570 4459 quid
592 4382 628 4439 ab
649 4382 752 4440 accolis
839 4401 881 4439 12.
899 4386 946 4437 Διὰ
966 4386 1054 4438 πίστιν
1074 4387 1113 4439 καὶ
1135 4381 1294 4462 φιλοξενίαν]

251 4470 445 4540 spectatorum
472 4463 562 4521 oeulis
591 4464 752 4540 subjectum
794 4462 891 4536 Quum
919 4464 1050 4539 Scriptor
1078 4464 1113 4520 nd
1141 4464 1295 4535 Hebraeos

252 4544 345 4618 luisse,
365 4545 443 4622 quod
466 4544 509 4603 illi
531 4552 658 4604 statuam
680 4545 753 4603 hunc
794 4545 823 4601 xi
837 4545 1044 4618 31‚llel1el›em
1058 4545 1113 4602 lide
1128 4546 1163 4602 ab
1178 4546 1296 4604 interitu

252 4645 312 4685 me
331 4627 521 4703 nugabantur,
539 4626 569 4683 hi
590 4626 753 4703 impruden-
794 4634 936 4683 servotum
964 4646 1025 4683 csse
1059 4626 1144 4696 dicut,
1172 4626 1297 4684 Jecobus

252 4714 298 4767 ter
319 4708 482 4779 credebant,
496 4708 558 4786 jem
574 4708 690 4785 liquidis
709 4727 753 4764 er·
794 4716 891 4765 autem
918 4727 981 4764 eoru
1012 4728 1047 4764 ex
1078 4708 1212 4784 operibus
1237 4711 1296 4787 jus-

252 4790 397 4867 gumeutio
435 4790 664 4848 demonstratum
701 4797 751 4848 est.
794 4789 890 4847 titiam
919 4788 1059 4864 occepisse
1085 4798 1175 4865 putet,
1203 4791 1297 4848 denuo

255 4870 366 4929 FREY.
409 4870 506 4937 Multi,
520 4871 545 4929 si
563 4870 650 4929 fidem
664 4871 754 4947 Chry·
795 4877 948 4946 utrumque
992 4871 1192 4947 complectitur
1233 4874 1297 4931 Cle-

253 4952 535 5024 sostomondhibees,
548 4951 754 5029 peregrinatio·
795 4951 900 5009 mentis
931 4952 1021 5009 nostri
1053 4953 1181 5010 formula.
1219 4955 1296 5012 LIP-

253 5052 319 5092 nem
345 5032 376 5091 in
400 5032 537 5093 Archiam
564 5033 755 5110 suscipiebant
797 5032 896 5091 SlUS.
941 5033 1072 5091 Clemens
1087 5034 1168 5092 Alex.
1184 5041 1229 5112 τῷ,
1250 5042 1298 5092 Διὰ

253 5124 287 5174 ut
312 5114 414 5173 fimum
439 5115 509 5174 Jobl
540 5122 699 5186 cernerent,
726 5127 755 5173 ct
796 5116 993 5188 φιλοξενίονκαὶ
1007 5118 1140 5181 εὐσέβειαν
1148 5120 1205 5173 Λὼτ
1215 5121 1299 5187 ἐσώθη

254 5196 408 5275 conspicati
427 5203 536 5257 terrem
560 5196 755 5255 deoscularen-
797 5198 824 5252 ἐκ
845 5199 970 5267 Σοδόμων,
985 5197 1127 5256 subnectit
1145 5203 1192 5253 Διὰ
1212 5203 1301 5255 πίστιν

296 5310 366 5357 vol..
383 5312 405 5356 1.
848 5312 867 5353 11
