3250 6617
515 1095 623 1158 VITA
644 1094 699 1158 ET
722 1093 932 1157 SCRIPl'lS.
1191 1091 1248 1155 xiii

202 1261 299 1330 πρώτη
326 1259 341 1328 ή
364 1260 391 1314 di
414 1260 518 1330 δευτέρα
537 1258 682 1316 ἀκολούθως
703 1259 763 1330 ἀχρι
789 1264 839 1313 τῶν
862 1257 942 1312 είκοσι
966 1259 1111 1328 τεσσάρων,
1133 1257 1174 1310 καὶ
1197 1255 1246 1310 διί-

203 1379 275 1425 μενεν
296 1357 369 1415 οὗτος
391 1361 405 1412 d
428 1359 552 1429 μερισμὸς
575 1358 637 1430 ἄχρι
660 1361 704 1427 τής
728 1357 841 1428 σήμερον
862 1355 972 1426 ήμίροςι
1002 1353 1082 1429 atqui
1106 1351 1249 1428 «Iosephus

204 1452 273 1511 haec
294 1454 408 1531 scripsit
429 1474 505 1512 anno
526 1454 642 1512 demum
664 1453 751 1512 tertio
772 1453 884 1511 decimo
908 1451 1075 1522 Domitiani,
1097 1450 1132 1508 A.
1146 1451 1181 1507 D.
1199 1470 1247 1524 94.

204 1551 415 1612 ORELLIUS.
459 1552 588 1630 Epistola
601 1552 638 1609 ad
652 1552 830 1629 Diognetum
844 1551 960 1627 scripta,
975 1569 1061 1627 quam
1081 1569 1139 1607 non
1157 1550 1249 1608 multo

204 1658 272 1709 ante
292 1650 400 1709 Justini
421 1658 551 1726 tempora
571 1650 662 1709 literis
683 1650 847 1708 mandatnm
868 1668 928 1708 esse
948 1655 1069 1713 constat,
1089 1647 1187 1706 eodem
1209 1649 1250 1706 lo·

205 1749 311 1827 quendi
336 1750 446 1808 ratione
469 1749 570 1807 utitur.
626 1748 756 1820 Accedit,
781 1748 859 1824 quod
886 1748 915 1804 in
940 1745 1113 1804 Telmudicis
1137 1765 1250 1823 quoque

206 1847 301 1905 Libris
321 1854 387 1924 post
405 1847 637 1923 Hierosolymam
655 1845 781 1904 dirutam
798 1845 884 1903 editis
902 1863 1035 1921 praesens
1056 1851 1169 1920 tempus
1186 1863 1251 1902 sex-

205 1945 312 2004 centies
345 1945 381 2002 ad
416 1944 552 2002 sacrificia
580 1943 844 2020 Hierosolymitane
875 1941 1060 2000 describenda
1089 1941 1248 2000 adhibetur.

206 2044 239 2102 R.
256 2043 292 2100 A.
309 2041 476 2100 LIPSIUS.

247 2140 423 2199 Cotelerium
437 2147 466 2198 et
477 2139 693 2197 Tillemontium
706 2138 836 2215 sequitur
848 2137 1017 2210 Dresselius,
1028 2137 1139 2214 Proleg.
1151 2157 1178 2214 p.
1189 2136 1248 2194 xix

206 2239 281 2298 Cum
303 2239 411 2297 Grahio
435 2245 514 2297 stant
536 2236 672 2307 Clericus,
695 2236 872 2308 Gallandius,
894 2235 1053 2313 Prolegom.
1069 2256 1096 2311 p.
1109 2235 1168 2301 xix,
1191 2235 1251 2294 Ha-

205 2339 296 2410 fslius,
316 2337 475 2414 Prolegom.
491 2356 518 2412 p.
532 2335 630 2407 xxxvi,
655 2335 768 2412 Pagius,
791 2334 862 2392 Orit.
880 2334 956 2392 Hist.
975 2333 1079 2392 Chron.
1103 2333 1132 2390 in
1146 2332 1249 2390 Annal.

208 2436 332 2508 Baronii,
343 2436 377 2493 n
390 2436 425 2493 D.
438 2439 475 2510 78
492 2434 506 2510 §
518 2454 543 2508 3,
559 2434 677 2492 Grotius
692 2434 721 2490 in
737 2433 828 2510 Epist.
844 2433 881 2491 ad
893 2433 931 2490 H.
946 2431 1129 2509 Bignonium,
1145 2447 1198 2504 154
1214 2430 1251 2488 ad

208 2534 315 2600 Gallos,
333 2541 362 2592 et
377 2531 563 2604 Uhlhornius,
577 2532 607 2587 in
622 2530 760 2588 Niedneri
775 2530 939 2605 Zeitachrifl
949 2529 1011 2605 [ἄν
1023 2530 1069 2588 die
1089 2527 1252 2587 locanda

210 2632 362 2707 Tlaeohrpie,
379 2635 462 2703 1851,
476 2651 504 2707 p.
518 2649 584 2704 3²²·
629 2629 747 2701 Millius,
762 2628 921 2705 Prolegom.
938 2633 952 2700 t
968 2632 1032 2702 138,
1046 2647 1121 2686 anno
1136 2629 1174 2702 69
1188 2627 1251 2685 Cle·

208 2730 312 2788 mentis
323 2728 483 2805 Epistulam
496 2727 634 2803 scriptam
648 2726 734 2784 fuisse
748 2726 896 2784 contendit
908 2746 916 2797 3
938 2725 1103 2783 Dodwellus
1116 2746 1191 2784 anno
1203 2726 1250 2797 64,

208 2828 283 2886 Diss.
300 2827 377 2904 Sing.
394 2827 430 2885 de
446 2827 528 2884 Rom
546 2826 649 2884 Pontii.
667 2825 697 2882 xi
713 2845 738 2896 4.
782 2825 901 2883 Annum
922 2826 959 2897 65
980 2824 1126 2882 ineuntem
1146 2824 1251 2884 intelli·

207 2946 274 3004 gere
288 2926 402 2983 videtur
416 2923 611 2988 Schenkelius,
626 2923 656 2980 in
674 2923 772 2980 libello
788 2923 825 2980 de
840 2922 945 2981 Eccles.
962 2921 1091 2981 Corinth.
1107 2923 1252 2999 primaeva

208 3024 379 3083 factionibus
399 3024 574 3101 perturbata,
591 3022 622 3098 §§
634 3025 741 3096 77-85‚
756 3021 805 3097 qui
820 3025 861 3079 ἐπὶ
873 3029 924 3077 τῶν
937 3023 1087 3095 ἡγουμένων,
1102 3042 1129 3098 p.
1143 3025 1179 3078 28
1194 3022 1212 3078 l.
1224 3041 1251 3095 3,

207 3123 414 3199 interpretatur
428 3142 525 3178 corona
534 3120 694 3197 praesectis,
710 3120 761 3178 ie.
777 3120 807 3177 in
822 3127 977 3197 conspectu
990 3119 1153 3196 principum
1167 3127 1252 3196 atque

208 3221 416 3298 praefectorum
435 3219 515 3277 urbis
536 3219 706 3295 martyrium
727 3238 878 3295 perpessus
896 3226 947 3277 est.
990 3218 1133 3276 Venemae
1146 3219 1253 3296 scripta

208 3319 323 3378 videtur
344 3328 409 3396 post
430 3338 537 3376 annum
557 3332 602 3392 70.
627 3318 702 3376 Hist.
727 3318 803 3375 Eccl.
825 3317 934 3375 Saecl
956 3319 971 3393 ξ
989 3332 1053 3389 251.
1097 3316 1252 3390 Ruchatus,

209 3419 344 3476 Lnrdner.
361 3417 497 3475 llloehler.
513 3425 543 3475 et
561 3417 707 3475 Burtonus
727 3425 831 3487 noster,
849 3416 1035 3474 Testimoaies
1054 3415 1091 3491 os
1104 3415 1148 3473 tlte
1165 3415 1253 3474 Ante·

208 3517 317 3574 Nicone
330 3515 452 3573 Fntlaers
472 3525 499 3571 to
520 3514 563 3572 tho
576 3515 714 3589 Divinity
727 3513 763 3588 os
771 3515 876 3579 Christ,
891 3535 917 3591 p.
932 3528 959 3587 5,
973 3514 1050 3572 inter
1063 3514 1253 3571 Vendelinum

209 3622 239 3672 et
263 3612 439 3672 Cotelerium
460 3611 557 3684 medii,
582 3632 644 3669 eam
665 3612 701 3669 ad
726 3632 833 3669 aunum
857 3615 894 3686 96
917 3611 1052 3681 referunt,
1076 3611 1196 3670 Praefat.
1222 3612 1253 3669 in

210 3712 318 3769 Lettrcs
338 3720 363 3769 et
384 3711 558 3767 dloanmcns
581 3710 615 3767 de
638 3711 708 3767 tror's
729 3711 818 3767 Pereo
834 3712 1052 3786 Apostoliqoec,
1075 3711 1253 3786 Credibility,

210 3810 239 3867 P.
252 3809 273 3866 ii
287 3829 310 3867 c.
326 3828 355 3878 2,
370 3808 579 3883 lnPntrolopic,
594 3808 604 3864 i
620 3809 666 3864 66.
695 3808 777 3866 Inter
790 3828 898 3865 anuum
914 3828 950 3882 92
967 3818 996 3866 et
1012 3811 1060 3883 96,
1075 3809 1196 3886 Lipsius,
1208 3809 1253 3867 De

210 3905 298 3967 Clam.
323 3907 356 3964 R.
380 3907 433 3982 Ep.
458 3905 582 3982 Diaquis.
601 3926 628 3982 p.
649 3925 713 3980 143,
736 3905 820 3963 Circa
834 3906 870 3963 A.
882 3906 918 3963 D.
933 3909 1041 3982 80-90,
1063 3906 1183 3972 Ritschl,
1198 3907 1254 3965 Dio

210 4004 391 4081 Ενιιιιιοίιυνιρ
404 4005 455 4062 der
467 4003 706 4062 Altlcnlholisclcon
719 4004 834 4076 Kirelce,
849 4024 875 4080 p.
889 4006 954 4061 286.

248 4115 263 4157 Β
280 4102 364 4179 ριιίιῖ’
414 4103 531 4179 lepilur]
556 4105 610 4174 ήτις
632 4106 659 4160 ἐν
676 4108 797 4177 φανεροῖς
818 4109 906 4162 τόποις
922 4106 1031 4176 θημοσίη
1049 4105 1254 4178 ἀναγινώσκεται.

210 4201 478 4260 SOPHRONIUS.
521 4201 618 4272 Ταύτην
631 4203 658 4257 δὲ
673 4205 713 4257 καὶ
726 4206 754 4257 ἐν
766 4200 901 4259 πλείσταις
916 4204 1061 4272 ἐκκλησίας
1080 4205 1121 4258 ε’πὶ
1139 4208 1185 4258 τοῦ
1201 4227 1252 4259 κοι·

209 4307 252 4356 νοῦ
274 4302 499 4371 δεθημοσιευμίνην
511 4302 591 4356 πάλαι
611 4323 640 4355 τε
662 4302 702 4354 καὶ
723 4301 780 4354 καθ’
795 4301 858 4370 ήμᾶς
878 4302 969 4358 αὐτούς
988 4303 1106 4375 ἔγνωμεν.
1149 4299 1251 4357 Euseb.

211 4399 248 4455 H.
264 4398 297 4455 Ε.
313 4398 346 4455 iii
366 4398 409 4455 16.
433 4401 481 4454 Kal
498 4401 543 4468 τής
561 4397 706 4467 Κλήμεντος
723 4399 788 4470 πρὸς
805 4398 952 4469 Κορινθίους
969 4399 1090 4468 με’μνηται
1107 4400 1253 4469 ε’πιστολής,

210 4497 406 4574 (nomenclator
426 4500 441 4551 6
461 4503 511 4551 τῶν
529 4497 666 4568 Κορινθίων
686 4492 838 4570 ἐπίσκοπος)
859 4498 943 4565 δηλῶν
962 4497 1080 4552 ἀνέκαθεν
1099 4497 1128 4565 ἐξ
1148 4497 1255 4569 ἀρχαίου

208 4597 281 4652 ἔθους
295 4597 337 4651 ε’πὶ
349 4598 394 4664 τῆς
407 4596 542 4663 ἐκκλησίας
554 4596 600 4663 τήν
612 4594 754 4667 ἀνάγνωσιν
767 4595 844 4663 alric
856 4595 993 4650 ποιεῖσθαι.
1014 4593 1051 4651 ih.
1065 4593 1095 4650 lv
1106 4613 1153 4667 23.
1186 4593 1251 4652 Vld.

209 4689 314 4752 Routh.
332 4692 423 4767 Beliq.
441 4691 517 4749 Sacr.
530 4690 541 4747 i
554 4711 601 4767 pp.
619 4694 675 4749 180
686 4698 716 4749 et
731 4695 795 4749 188.
825 4692 871 4749 Ὧς
883 4693 959 4749 αὐτὸς
973 4692 1076 4764 Κλήμης
1088 4695 1179 4750 αὐτοὺς
1192 4696 1255 4748 κατὰ

209 4794 289 4849 πάντα
308 4792 420 4865 ἐλέγχει,
433 4791 480 4863 ἀφ’
495 4791 530 4845 ὧν
543 4792 660 4863 ἔγραψεν
672 4792 818 4846 ἐπιστολῶν
831 4792 970 4864 ἐγκυκλίων
987 4797 1038 4847 τῶν
1056 4793 1083 4848 ἐν
1100 4797 1155 4850 τοῖς
1172 4794 1255 4866 ἁγίαις

208 4889 370 4956 Ἐκκλησίαις
382 4884 628 4958 ἀναγινωσκομένων.
651 4883 836 4960 Epiphanius,
852 4883 938 4941 Haer.
952 4905 1013 4942 xxx
1028 4901 1071 4958 15.
1099 4884 1254 4962 catalogus

211 4984 390 5061 Scriptorum
415 4982 569 5041 Sacrorum
594 4980 693 5040 Oodici
718 4981 917 5039 Alexandrino
941 4983 1085 5059 praefixus
1110 4982 1254 5059 Epistolas

212 5082 367 5141 Clementis
382 5081 458 5139 Novi
474 5079 609 5138 l'oederis
623 5079 704 5137 libris
717 5087 854 5151 accenset,
869 5080 975 5158 quippe
989 5081 1038 5158 qui
1053 5081 1094 5140 ita
1108 5080 1233 5158 explicit,

533 5205 685 5261 Ἐπιστολαὶ
699 5203 805 5259 Παύλου
816 5186 861 5259 l]
