3250 6617
361 1090 404 1129 xx
705 1063 767 1126 DE
798 1063 831 1125 S.
859 1062 1057 1126 IGNATII

362 1230 542 1290 ascribendas
563 1250 624 1287 esse
644 1227 820 1305 pronuntiat
864 1227 986 1304 Hydius‚
1005 1227 1133 1303 Linguae
1153 1223 1311 1282 Hebraieae
1330 1222 1404 1280 Pro-

362 1331 452 1387 fessor
465 1328 581 1404 Regius,
600 1330 786 1401 1697-1702‚
799 1327 959 1404 suspicatus
976 1335 1019 1384 est
1038 1343 1141 1383 nomen
1161 1323 1297 1382 Latinum
1314 1321 1405 1399 Igna-

362 1430 405 1488 tio
423 1436 540 1505 parente
553 1427 573 1486 J
575 1426 665 1485 udaeo
683 1426 759 1504 apud
773 1426 879 1485 Sardos
897 1435 970 1498 orto,
984 1447 1021 1484 ex
1037 1425 1131 1502 patria
1145 1424 1226 1482 Nora
1243 1424 1303 1482 sive
1316 1421 1405 1480 Nura

363 1527 496 1592 inditum,
510 1526 578 1603 quia
590 1525 698 1584 seilicet
707 1526 779 1583 Netr
791 1525 851 1582 sive
862 1525 896 1582 N
895 1528 952 1583 etro
962 1523 1113 1583 Chaldaiee
1124 1524 1144 1580 I
1140 1543 1226 1599 ριιοιιι
1238 1521 1383 1599 signifieat
1393 1540 1403 1591 ;

363 1643 448 1700 quam
462 1624 654 1701 conjecturam
668 1622 723 1698 ipsi
738 1642 851 1699 quoque
865 1622 894 1678 in
908 1630 1034 1680 mentem
1043 1621 1152 1679 venisse
1166 1628 1288 1679 testatur
1298 1618 1404 1676 Petrus

362 1720 566 1798 Wesselingius
578 1720 615 1778 ad
629 1719 768 1778 Antonini
780 1719 974 1791 Itinerarium,
988 1740 1015 1796 p.
1026 1722 1075 1790 84.
1107 1719 1173 1776 vid.
1185 1717 1286 1777 Grabii
1301 1716 1400 1794 Spieil.

363 1818 437 1879 Patt.
453 1819 474 1877 ii
491 1839 516 1892 2,
537 1826 567 1877 et
583 1818 693 1876 Harles.
713 1818 743 1874 in
758 1818 868 1876 Fabric
885 1818 959 1876 Bibl.
975 1819 1073 1877 Graec.
1088 1817 1129 1875 vii
1144 1837 1191 1892 33,
1205 1823 1235 1875 et
1248 1814 1401 1873 Assemsni

363 1916 500 1977 Biblioth.
516 1916 628 1975 Orieut.
643 1915 676 1972 iii
689 1936 719 1992 p.
737 1919 770 1973 16
785 1936 812 1973 u.
827 1938 855 1987 4.
897 1914 979 1974 Cous.
1002 1916 1165 1993 Fragment.
1190 1914 1287 1973 Severi
1309 1912 1403 1971 Patri·

362 2013 463 2072 archae
483 2012 618 2073 Antioch.
639 2034 683 2090 ap.
706 2013 841 2073 Curetou.
863 2033 909 2090 pp.
924 2015 990 2085 216,
1006 2027 1074 2087 357.
1122 2013 1167 2070 De
1186 2011 1275 2068 animi
1298 2010 1403 2069 ardore

362 2112 524 2172 vehementi
544 2120 574 2172 et
594 2112 675 2189 quasi
695 2113 777 2187 ipneo
798 2111 935 2189 intelligit
950 2111 1156 2188 Deuningerus,
1169 2111 1238 2169 aber
1251 2109 1297 2168 die
1312 2109 1402 2167 Ant

361 2211 429 2269 neit
456 2212 504 2269 des
529 2210 686 2286 talei-ipe
713 2211 819 2282 Testes,
844 2230 870 2286 p.
886 2230 935 2289 39.
988 2210 1146 2268 Pearsonus
1172 2217 1269 2267 autem
1297 2226 1402 2266 nomeu

363 2309 472 2386 Ignatii
499 2310 663 2367 Romanum
690 2327 750 2365 esse
778 2307 879 2373 credit,
908 2308 1014 2366 factum
1041 2328 1078 2365 ex
1101 2307 1258 2383 Eynatias,
1285 2305 1403 2363 nomine

361 2409 474 2486 saepius
497 2409 573 2486 apud
593 2409 760 2467 Ciceronem
782 2414 812 2466 et
832 2406 971 2474 Tacitum,
992 2415 1022 2466 et
1043 2408 1073 2464 in
1094 2406 1212 2465 Gruteri
1232 2403 1403 2481 Inscriptio-

361 2507 447 2565 nibus
460 2507 566 2583 passim
579 2507 705 2570 obvium,
719 2506 755 2562 ab
770 2505 895 2581 Egnatia
906 2507 977 2564 urbe
990 2505 1114 2582 Apuliae
1128 2504 1291 2570 deductum,
1305 2502 1349 2562 uti
1363 2503 1401 2560 ab

363 2603 475 2662 Hadria
488 2603 662 2668 Hadrianus,
677 2623 694 2661 a
708 2601 835 2660 Corfinio
850 2602 1000 2672 Cominius,
1014 2605 1065 2660 bc.

403 2702 447 2760 De
461 2707 596 2776 θεοφόρου
610 2709 807 2778 cognomento,
818 2701 878 2758 vid.
889 2701 963 2758 infra
976 2721 1023 2778 pp.
1036 2715 1102 2775 270,
1115 2705 1183 2774 578.

402 2799 417 2843 Ι)
437 2795 750 2879 tertius-Episcopus]
774 2799 820 2855 Ex
835 2799 950 2857 Eusebii
965 2798 1013 2857 lib.
1030 2798 1062 2855 iii
1076 2819 1135 2875 cap.
1151 2818 1186 2855 22
1201 2798 1291 2874 liquet
1304 2797 1401 2855 locum

362 2898 404 2956 ita
422 2897 545 2975 intelligi
559 2897 670 2968 debere,
685 2908 718 2956 ut
733 2898 836 2956 Petrus
855 2897 972 2974 primus,
987 2897 1116 2955 Euodius
1134 2896 1282 2959 secundus,
1295 2895 1402 2954 tertius

360 2995 485 3073 (lenique
499 2996 629 3073 Ignatius
649 2996 735 3054 fuisse
756 3003 912 3055 censeatur.
954 2995 1016 3053 Nee
1036 2995 1114 3052 aliud
1131 2994 1194 3052 vult
1215 2993 1292 3052 idem
1310 2993 1400 3051 Euse-

361 3094 433 3165 bius,
448 3094 561 3171 quando
575 3115 634 3171 cap.
651 3097 688 3168 36
711 3093 838 3171 ejusdem
849 3093 924 3151 'libri
946 3093 1006 3151 ait:
1026 3095 1155 3167 Ἰγνάτιος,
1172 3097 1217 3163 τῆς
1236 3093 1289 3148 κοτ’
1301 3093 1400 3147 ’Arrct-

361 3217 433 3265 χειαν
456 3195 554 3264 Πέτρου
578 3194 696 3265 διαδοχῆς
719 3193 836 3265 δεύτερος
857 3194 903 3262 τὴν
925 3193 1066 3261 ἐπισκοπὴν
1089 3191 1282 3264 κεκληρωμένος.
1311 3189 1343 3246 Ε.
1369 3189 1398 3247 S.

362 3289 601 3348 CYPRIANUS.

403 3388 541 3451 Socrates.
558 3387 595 3445 H.
612 3387 646 3445 Ε.
661 3388 690 3444 vi
706 3390 733 3455 8,
753 3388 875 3461 Ἰγνάτιος
893 3387 1046 3457 Ἀντιοχείας
1068 3391 1112 3456 τῆς
1134 3388 1224 3457 Συρίας
1245 3385 1328 3458 τρίτος
1348 3385 1400 3441 ἀπὸ

362 3492 407 3541 rot
419 3487 581 3542 Ἀποστόλου
595 3487 694 3559 Πέτρου
707 3489 857 3542 ἐπίσκοπος.
899 3484 1037 3560 Origenes
1051 3484 1080 3540 iu
1096 3484 1122 3542 S.
1140 3485 1247 3542 Lucam
1261 3483 1348 3541 Hom.
1360 3482 1400 3550 vi,

364 3587 437 3660 Opp.
454 3594 489 3640 111
505 3604 531 3660 p.
545 3587 602 3658 938
622 3584 664 3641 ed.
688 3584 755 3641 Bou.
779 3583 933 3657 [pientiam
953 3583 1023 3654 ιίἱοο,
1038 3583 1214 3658 Episcopum
1230 3580 1403 3639 Antiochiae

362 3691 423 3756 post
438 3682 559 3738 Petrum
571 3681 734 3738 secuudum.
778 3680 887 3739 Existit
901 3681 1030 3739 hocloco
1045 3681 1180 3757 quaestio,
1195 3700 1265 3737 num
1280 3679 1400 3750 Euodio‚

363 3786 414 3836 aut
435 3778 463 3835 S.
477 3778 562 3836 Petro
584 3778 747 3836 immediate
769 3778 934 3838 successerit
955 3779 1095 3855 Ignatius,
1116 3798 1201 3854 quem
1222 3799 1239 3836 a
1260 3777 1288 3836 S.
1310 3776 1400 3834 Paulo

364 3876 431 3935 Sedi
446 3876 641 3934 Antiochense
661 3876 836 3954 praefectum
855 3875 941 3933 fuisse
961 3883 1091 3934 statuunt
1105 3876 1226 3936 Constit.
1242 3875 1343 3952 Apost.
1358 3875 1400 3932 vii

366 3977 413 4044 46,
428 3995 445 4030 a
456 3973 483 4031 S.
495 3973 580 4031 Petro
590 3982 685 4033 autem
696 3973 900 4043 Theodoretus,
910 3973 984 4030 Dial.
995 3973 1012 4044 i,
1027 3973 1099 4050 Opp.
1110 3974 1139 4030 iv
1149 3993 1186 4048 33
1198 3974 1240 4032 ed.
1254 3972 1397 4032 Sirmond.

365 4081 394 4130 et
408 4072 636 4148 Chrysostomus.
651 4072 763 4130 Hornil.
778 4072 808 4128 in
823 4070 851 4129 S.
864 4070 958 4147 Iguat.
975 4070 1059 4129 Mart.
1075 4072 1182 4149 Oppii
1198 4086 1254 4146 597
1268 4072 1312 4130 ed.
1328 4070 1397 4129 Ben

365 4169 458 4241 Quam
480 4178 513 4226 ut
533 4168 671 4228 dirimant
691 4167 923 4237 controversiam,
938 4166 1086 4241 Baronius,
1099 4170 1176 4227 Ann.
1194 4185 1230 4242 45
1249 4188 1295 4241 14,
1316 4175 1345 4227 et
1361 4182 1397 4243 71

370 4285 414 4339 11,
428 4274 514 4344 atque
529 4265 642 4323 Natalis
652 4265 824 4337 Alexander,
835 4264 935 4322 Saeci
949 4264 1026 4324 Diss.
1038 4267 1087 4324 xiv
1101 4268 1185 4344 Prop.
1197 4268 1215 4339 i,
1229 4267 1402 4326 auctoritate

366 4361 464 4422 Const.
479 4363 580 4440 Apost.
594 4363 635 4419 vii
650 4363 698 4433 46,
712 4369 746 4420 ut
759 4362 882 4433 videtur,
896 4361 969 4433 freti,
984 4364 1139 4440 conjiciunt
1156 4387 1173 4423 a
1192 4366 1222 4424 S.
1239 4366 1325 4425 Petro
1342 4364 1402 4424 Eu-

367 4460 473 4531 odium,
498 4482 515 4518 a
540 4461 568 4518 S.
591 4460 679 4517 Paulo
704 4458 853 4535 Igustium
877 4478 937 4517 esse
959 4468 1068 4519 creatos
1089 4463 1252 4540 Episcopos,
1273 4471 1307 4523 ut
1329 4464 1403 4523 alter

365 4557 493 4628 Judaeis,
522 4558 594 4614 alter
617 4556 749 4615 Ethnicis
776 4556 825 4632 qui
853 4556 883 4614 in
910 4557 1064 4616 Ecclesiam
1087 4569 1222 4620 venerant
1248 4578 1402 4640 praeesset,

367 4655 472 4732 quibus
491 4654 528 4710 ad
549 4655 728 4713 concordiam
747 4654 863 4711 tandem
886 4654 1023 4726 adductis,
1045 4657 1189 4734 ignatium
1211 4660 1323 4720 Euodio
1343 4682 1401 4721 ces·

367 4753 445 4824 sisse,
460 4751 621 4828 iterumque
639 4761 705 4829 post
724 4751 835 4808 obitum
850 4750 925 4809 illius
941 4753 1052 4812 sedisse.
1095 4756 1174 4814 Duas
1187 4758 1217 4815 in
1231 4760 1402 4835 quibusdam

368 4851 542 4919 civitatibus,
559 4850 735 4925 temporibus
753 4848 966 4924 Apostolorum,
988 4851 1132 4925 Ecclesiae,
1153 4856 1224 4914 duos
1244 4857 1402 4935 Episcopos

368 4948 463 5013 fuisse,
477 4946 735 5024 probabilissimum
758 4966 793 5002 ex
813 4946 882 5023 ipsis
903 4948 1015 5024 scriptis
1032 4949 1202 5027 Apostolicis
1221 4955 1318 5014 fecisse
1337 4957 1399 5015 Ha-

368 5047 515 5116 moudum,
540 5044 642 5103 statuit
666 5043 830 5114 Pcarsonus,
853 5044 965 5102 Vindia.
987 5045 1006 5103 ii
1029 5051 1092 5104 186.
1144 5050 1180 5106 In
1203 5051 1314 5111 Dissert
1337 5054 1356 5111 ii
1372 5074 1400 5128 3,

368 5147 403 5204 (le
419 5145 497 5203 Serio
512 5151 541 5202 ct
557 5142 737 5201 Successioue
753 5141 909 5219 primorum
924 5143 1027 5201 [tonino
1038 5145 1249 5224 Episcopotunr,
1264 5172 1326 5209 eam
1340 5153 1400 5229 opi-
