3250 6617
584 1080 799 1144 EPISTOLA
823 1081 870 1158 II,
891 1105 920 1144 v.
1205 1084 1270 1151 239

229 1252 274 1326 de
307 1252 375 1325 hoo
409 1251 545 1325 mundo
574 1252 674 1325 exire
708 1278 782 1324 non
815 1252 1019 1326 timeamus.
1072 1252 1140 1326 Ait
1173 1253 1270 1326 enim

230 1366 436 1457 Dominus3
474 1367 595 1442 Eritis
621 1368 715 1441 volort
745 1367 839 1466 oyoi
866 1367 907 1441 in
934 1367 1056 1442 modio
1085 1369 1268 1467 luporum.
1283 1387 1385 1438 Μιαι
1398 1387 1437 1449 16,

229 1481 467 1580 Respondeas
493 1497 615 1557 uatem
640 1484 776 1557 Petrus
801 1481 837 1556 ei
865 1481 981 1568 dicia
1006 1482 1053 1558 Si
1076 1510 1162 1581 erpo
1189 1483 1271 1583 lupi
1283 1455 1344 1569 {iio
1358 1535 1374 1568 x
1388 1534 1411 1581 3,

229 1625 344 1697 aporos
380 1597 679 1699 discerpserint?
732 1597 844 1671 Dixit
877 1599 988 1671 Jesats
1021 1600 1161 1684 Petro,·
1211 1586 1390 1674 Noffi4'5·

229 1714 382 1788 timeant
395 1714 487 1812 opoi
498 1728 583 1814 post
600 1728 753 1788 mortem
765 1740 872 1788 soom
890 1714 1018 1812 topos:
1038 1728 1070 1788 et
1082 1741 1145 1788 vos
1161 1714 1272 1789 nolite

229 1830 358 1906 tiotere
380 1859 438 1906 eoa
463 1832 529 1930 qui
553 1831 722 1906 occidant
747 1858 819 1916 ooo,
838 1844 869 1904 et
896 1829 1032 1904 aesinae
1053 1831 1150 1905 nihil
1171 1831 1273 1906 vobis

227 1963 379 2046 possunt
404 1951 564 2047 socom
602 1948 667 2022 sod
699 1948 820 2021 tasneto
854 1975 946 2034 eum,
981 1947 1047 2046 qui
1073 1962 1272 2047 postquam

230 2065 368 2140 mortui
387 2066 555 2164 fueritis,
585 2066 690 2139 tabet
715 2078 932 2163 potestatem
959 2065 1110 2139 animoa
1136 2080 1167 2139 et
1193 2093 1271 2141 eor-

224 2182 345 2280 poris
371 2197 410 2256 ot
437 2183 558 2257 mittat
588 2183 629 2257 io.
657 2183 863 2281 potentorum
894 2182 1001 2280 ionis.
1054 2183 1106 2257 Et
1132 2184 1271 2269 scitote,

229 2297 371 2386 fratres,
404 2299 503 2398 quod
544 2299 788 2398 peregrinatio
822 2299 940 2372 earnis
973 2299 1083 2398 hujus
1125 2301 1163 2373 in
1205 2300 1272 2374 hoe

229 2416 367 2490 mundo
400 2415 521 2490 brevis
555 2427 613 2490 est
641 2443 683 2490 ao
709 2416 815 2515 parvi
841 2416 1042 2515 temporis;
1082 2417 1271 2517 promissio

230 2542 354 2606 autem
389 2532 529 2608 Christi
565 2560 699 2633 magna
732 2546 772 2607 et
804 2533 1026 2607 admirabilis
1060 2543 1126 2620 est,
1159 2544 1271 2633 atque

229 2651 373 2748 requies
389 2649 507 2724 futuri
523 2651 627 2751 regni
644 2677 685 2724 ao
702 2650 801 2724 vitae
819 2659 996 2724 aeternae.
1040 2650 1139 2742 Quid
1156 2651 1272 2751 igitur

229 2765 393 2841 faciendo
411 2794 454 2842 ea
465 2768 636 2866 consequi
652 2767 864 2867 poterimus,
877 2767 948 2841 nisi
961 2777 1085 2842 sancte
1096 2768 1271 2868 justeque

229 2883 387 2958 vivendo
414 2911 456 2958 ao
482 2884 674 2984 operando,
700 2894 739 2958 et
764 2884 951 2959 mundana
973 2884 1061 2959 haee
1083 2895 1270 2984 tamquam

231 3159 340 3217 minum
355 3159 467 3235 allegat,
478 3164 576 3218 Αἰτεῖτε
585 3165 728 3237 poppam,
770 3168 897 3238 praestat
910 3172 1212 3219 anoureuuourna.

230 3244 377 3315 τὰμεγάλα,
392 3246 432 3298 καί
445 3247 476 3299 τὸ
489 3246 564 3314 μικρὰ
578 3246 730 3316 ὖμίνπρασ·
811 3246 837 3300 8.
862 3246 940 3313 μηδὲν
962 3246 1020 3315 ὑμῖν
1043 3246 1193 3314 δυναμένους
1215 3268 1270 3301 ποι-

230 3323 370 3393 noiomo
403 3324 509 3382 Strom.
525 3323 535 3380 i
552 3344 597 3396 24.
641 3323 729 3382 Aliud
770 3327 828 3397 εῖν]
853 3324 958 3382 Junius
971 3325 1139 3382 πλέονίαιαι·
1151 3327 1228 3396 μηδέν
1241 3334 1271 3383 et

230 3403 441 3481 apophthegm
460 3405 537 3482 quod
556 3413 693 3482 tanquam
713 3426 731 3463 a
770 3409 835 3477 ὑμῖν,
851 3405 963 3463 Boisius
984 3404 1060 3463 inter
1077 3408 1225 3475 δυναμένους
1241 3416 1271 3464 et

233 3485 265 3543 B.
292 3485 442 3544 Servatore
465 3494 564 3545 nostro
586 3487 729 3564 prolatum
770 3492 859 3551 ποιεῖν,
874 3486 918 3544 vel
939 3487 1026 3558 πλέον,
1046 3486 1092 3545 vel
1112 3490 1176 3557 μετὰ
1195 3493 1271 3543 τοῦτο

231 3566 730 3643 pluresePatribusreeitant‚habes
771 3568 953 3625 inserendum
973 3575 1064 3643 putat.

232 3648 271 3705 ib.
288 3649 303 3725 ξ
320 3651 365 3720 28,
387 3652 491 3706 Γίνεσθε
512 3653 539 3706 δὲ
558 3653 653 3719 δόκιμοι
671 3673 730 3720 τρα-
815 3667 859 3706 10.
877 3654 923 3704 τοῦ
935 3653 1027 3714 βαλεῖν
1039 3652 1075 3708 είς
1087 3650 1202 3723 primun]
1215 3648 1269 3707 Le·

232 3734 339 3800 πιᾶναι,
357 3749 374 3787 e
395 3730 531 3788 Parabola
551 3731 587 3789 do
607 3730 728 3808 Dispen·
771 3730 897 3807 gendum
918 3734 1009 3795 βαλεῖν
1029 3733 1092 3786 αὐτὰ
1115 3732 1150 3787 εἷς
1169 3730 1272 3804 γείνναν

232 3818 325 3869 satore
339 3811 469 3887 improbo
483 3812 601 3870 forsitan
616 3812 726 3870 desum·
768 3816 854 3885 πυρός.
879 3810 978 3869 BOIS.

232 3899 303 3951 tum.
325 3892 372 3949 Ad
385 3900 539 3970 utrumque
553 3894 646 3951 locum
661 3915 727 3952 oou-
815 3908 858 3966 15.
880 3894 1002 3964 αἰωνίου]
1027 3890 1153 3948 Omnino
1174 3890 1270 3969 legen-

231 3973 366 4031 sulendus
387 3975 503 4032 omnino
523 3982 566 4034 est
587 3976 729 4048 Potterus‚
769 3975 839 4032 dum
853 3977 957 4032 αἰώνιος.
992 3973 1075 4030 Hane
1090 3972 1166 4030 euim
1181 3993 1270 4049 oppo-

232 4075 279 4131 pp.
294 4056 439 4128 416,425.
483 4055 630 4133 Origenes,
645 4058 730 4116 Com·
771 4056 815 4115 nit
839 4058 956 4128 ἐπιδημία
975 4061 1005 4126 τῇ
1027 4058 1054 4111 ἐν
1072 4058 1159 4130 κόσμῳ
1179 4056 1269 4130 τούτῳ,

232 4144 319 4194 ment.
336 4136 365 4193 in
380 4138 408 4195 S.
422 4137 505 4196 Matt.
520 4147 589 4196 tom.
603 4138 654 4195 xiii
670 4140 684 4215 ξ
702 4159 728 4203 2,
771 4157 858 4215 quam
865 4142 955 4212 μακρὰν
963 4144 992 4194 et
1001 4139 1178 4211 ὀλιγοχρόνιον
1185 4135 1267 4194 dixit.
1314 4167 1316 4171 ν

234 4217 307 4294 Opp.
323 4218 354 4275 iii
375 4238 401 4294 p.
420 4232 476 4292 573
495 4219 537 4276 ed.
555 4218 658 4277 Bened.
684 4224 731 4276 Καὶ
772 4219 903 4276 DAVIS.
946 4217 1093 4276 αίώνιαναά
1110 4236 1190 4274 oram
1204 4216 1270 4276 libri

232 4300 332 4369 Ἰησοῦς
344 4306 406 4372 γοῦν
418 4305 495 4372 φησι·
516 4304 564 4357 Διὰ
579 4303 638 4358 τοὺς
651 4304 728 4358 ‹iube-
770 4299 908 4359 exhibent
921 4298 1003 4375 Frey.
1020 4306 1050 4356 et
1064 4297 1242 4374 Reithmayr.

233 4386 336 4439 νοῦντας
349 4381 479 4452 ἠσθένουν,
493 4386 533 4438 καί
551 4386 592 4438 διὰ
606 4385 663 4441 τοὺς
676 4407 729 4440 πει·
810 4381 847 4439 ib.
864 4385 895 4437 Τί
908 4381 952 4437 οὖν
964 4382 1047 4453 ἔστιν]
1067 4378 1144 4436 Hinc
1159 4378 1267 4437 Colom.

233 4469 325 4521 νῶντος
352 4465 461 4533 ἐπείνων,
480 4468 520 4519 καὶ
544 4466 584 4519 διὰ
611 4467 670 4522 τοὺς
694 4466 727 4519 δι·
771 4462 853 4539 Ittig.
883 4470 913 4520 et
941 4460 1035 4537 Freyii
1063 4460 1129 4519 libri
1163 4480 1270 4518 novum

232 4547 337 4615 φῶντας
364 4547 469 4617 ἐδίψων.
510 4545 596 4602 Plura
622 4545 730 4603 dabunt
770 4552 857 4620 caput
877 4543 1017 4600 inchoant.

233 4623 380 4683 Fabricius
401 4625 430 4681 in
446 4625 514 4683 Cod.
530 4626 635 4702 Apoer.
652 4626 730 4684 Novi
815 4628 858 4682 16.
881 4629 904 4681 εἰ
918 4627 952 4696 μὴ
970 4628 1000 4679 τὸ
1019 4619 1109 4702 ὁσίως]
1136 4622 1270 4681 Davisius

232 4705 407 4765 Testamenti
429 4713 497 4764 torn.
522 4708 532 4764 i
557 4728 583 4785 p.
610 4726 678 4781 330,
700 4716 729 4766 et
770 4706 869 4764 mallet
889 4709 911 4762 εἰ
931 4708 964 4776 μὴ
982 4711 1018 4780 τῷ
1031 4707 1115 4762 ὁσίως.
1158 4703 1269 4776 Junius,

233 4787 356 4846 Grabius
382 4787 412 4845 in
441 4788 536 4865 spicil.
568 4789 695 4861 Petrum,
719 4790 728 4847 i
770 4787 871 4846 eodem
885 4805 979 4845 errore
997 4804 1055 4861 quo
1069 4793 1189 4843 venatus
1209 4794 1271 4844 erat

232 4889 259 4945 p.
280 4888 323 4926 ια.
770 4888 864 4945 supra,
888 4866 1009 4944 Epist.I
1032 4865 1090 4940 ξύ,
1111 4866 1229 4925 dederat
1249 4870 1272 4923 εἷ

274 4972 300 5021 4.
316 4956 340 5007 οί
353 4953 425 5008 λύκοι
439 4956 470 5007 τὰ
483 4954 555 5026 ἀρνία
566 4947 588 5030 ;]
612 4950 728 5008 Adden·
770 4953 804 5020 μὴ
818 4954 847 5006 τὸ
860 4952 940 5020 θείως,
955 4966 1077 5023 eumque
1097 4947 1186 5006 secuti
1203 4956 1271 5007 sunt

232 5032 302 5089 dum
315 5032 450 5091 existimo
459 5036 484 5089 τί
496 5034 599 5107 λέγειν,
613 5041 663 5090 aut
673 5032 730 5090 tale
771 5030 932 5089 Cotelerius
945 5037 975 5087 et
989 5028 1182 5088 coustantius.
1226 5029 1269 5089 Of.

233 5113 310 5189 quid.
334 5113 433 5172 BOIS.
772 5120 871 5171 notata
884 5132 911 5190 p.
929 5130 967 5185 30
988 5110 1006 5168 Ι.
1024 5130 1050 5184 3.
1087 5110 1201 5170 Caeteri
1215 5111 1271 5171 leo-

276 5209 300 5269 7.
340 5198 400 5254 ποὺς
425 5195 625 5269 ἇποκτείνοντας]
667 5192 729 5250 MS.
771 5192 880 5252 tionem
895 5192 973 5251 MSti
995 5199 1148 5270 praestant.
