3250 6617
388 1061 484 1125 xxxvi
641 1061 970 1125 RECENTIORUM
993 1060 1177 1125 JUDICIA

389 1234 536 1298 Editione
566 1233 686 1298 Graeca
713 1239 769 1297 aut
798 1233 940 1317 Vulgata
968 1232 1119 1297 Versicne
1150 1237 1227 1295 tunc
1258 1237 1434 1317 repertum,

388 1337 497 1402 eodem
523 1335 615 1420 plane
641 1335 745 1413 modo,
771 1357 833 1418 quo
859 1356 878 1398 a
900 1334 1093 1400 Theodoreto
1120 1335 1289 1419 productus
1314 1333 1433 1410 fuerat,

389 1439 546 1514 laudasse;
570 1438 804 1522 circumspicere
819 1437 931 1522 eoepit,
946 1461 1024 1502 num
1044 1438 1124 1503 forte
1143 1437 1177 1501 in
1192 1437 1311 1522 Anglia
1324 1460 1435 1503 exem-

387 1543 457 1628 plar
475 1543 602 1627 aliquod
622 1542 775 1606 Latinum
792 1541 895 1606 adhuc
914 1542 1097 1606 delitescens
1115 1541 1241 1626 reperiri
1259 1547 1375 1626 posset,
1391 1563 1434 1606 ex

388 1669 449 1729 quo
464 1667 521 1709 sua
534 1651 598 1708 tres
613 1644 659 1708 illi
673 1644 824 1729 Theologi
840 1645 1019 1723 hauserunt,
1035 1651 1067 1709 et
1081 1645 1149 1709 loca
1162 1645 1282 1730 reliqua
1294 1668 1314 1710 a
1326 1645 1431 1711 'l'heo-

387 1749 496 1813 doreto
507 1747 636 1832 aliisque
647 1747 784 1832 antiquis
794 1747 940 1811 Patribus
951 1748 1058 1826 citata,
1067 1748 1193 1833 integra
1203 1754 1430 1833 comparerent.

389 1852 508 1930 Quum,
523 1874 603 1929 ecee,
618 1851 714 1915 libros
730 1851 806 1914 duos
822 1850 909 1913 MSS
925 1857 1036 1914 nactus
1050 1858 1108 1930 est,
1124 1874 1141 1915 e
1155 1851 1282 1936 publiea
1292 1850 1430 1935 Collegii

389 1955 529 2020 Gonvilli
554 1961 586 2017 et
611 1954 677 2017 Caii
703 1954 787 2037 apud
811 1954 1086 2038 Cantabrigienses
1110 1960 1233 2019 nostros
1256 1963 1386 2033 unumP,
1411 1975 1429 2018 e

387 2209 559 2265 Francisccno,
571 2207 637 2256 hunc
654 2208 679 2255 in
698 2208 799 2256 modum
817 2209 954 2257 recitatam.
990 2214 1004 2236 '⁸
1016 2209 1177 2258 Considerste
1188 2209 1296 2273 qualiter
1306 2207 1432 2271 [Anthro-

389 2296 405 2318 “
418 2290 557 2355 pomorphi]
568 2307 584 2339 a
594 2291 767 2339 communione
783 2296 810 2339 et
826 2292 937 2340 oratione
949 2292 1097 2340 Sanctorum
1112 2292 1248 2352 recedunt;
1264 2295 1366 2355 propter
1378 2306 1431 2339 non

388 2378 405 2400 “
417 2372 529 2422 confiteri
541 2371 723 2421 Eucharistiam
739 2388 839 2420 carnem
855 2389 908 2421 esse
925 2373 1068 2430 detoris,
1079 2389 1154 2438 quam
1165 2374 1243 2422 Pater
1256 2389 1302 2422 sus
1317 2371 1433 2436 benigni·

388 2460 405 2482 ⁴‘
416 2460 470 2504 tate
486 2455 651 2503 resuscitavit.
686 2455 891 2504 Contradicentes
909 2455 967 2504 huic
983 2456 1058 2514 dono,
1076 2461 1260 2520 perscrutantes
1277 2455 1429 2504 moriuntur.

389 2542 405 2564 ‘⁴
418 2537 515 2586 Decens
525 2542 563 2586 est
574 2553 590 2585 a
600 2536 694 2585 talibus
705 2537 828 2595 recedere.
841 2543 867 2586 et
883 2554 930 2586 nec
946 2539 1110 2587 comuniter
1126 2554 1172 2587 nec
1188 2553 1298 2587 seorsum
1315 2553 1372 2586 cum
1393 2539 1432 2587 eis

388 2625 404 2646 ‘¹
416 2619 508 2683 loqui.”
526 2619 645 2668 USSER.

418 2706 429 2736 Ρ
449 2702 478 2748 In
496 2706 520 2759 4·
539 2700 593 2763 756,
610 2700 737 2763 5ocsca1.
758 2702 825 2750 MSS
842 2702 918 2765 Angl.
934 2703 1204 2768 395.v011370atal.
1225 2701 1287 2751 coll.
1306 2701 1430 2761 Calenam

386 2783 457 2845 cujus
468 2783 538 2832 Libri
550 2782 639 2832 titulus
650 2784 686 2831 sic
697 2799 723 2831 se
734 2784 825 2832 habet:

418 2863 492 2913 Liber
503 2863 669 2926 Epistowtrame
680 2863 705 2911 S.
718 2864 849 2921 Ambrosii,
863 2864 976 2926 Episcopi
989 2871 1011 2912 ct
1026 2864 1138 2913 Doctoris
1151 2863 1290 2924 summitti,
1303 2869 1325 2912 ct
1336 2862 1434 2925 Episto-

386 2946 467 2994 hiram
484 2946 510 2993 S.
529 2945 646 3008 Dionysii
664 2946 786 3008 Martyris
805 2946 918 2996 undecim
937 2962 1042 3005 sumere,
1061 2953 1084 2994 ct
1101 2945 1267 3008 Episwlonun
1285 2945 1310 2994 S.
1331 2944 1434 3008 Ipsats's'

386 3027 499 3090 Episcopi
517 3035 539 3076 et
556 3028 678 3091 Martyria
697 3044 795 3078 auimo
815 3042 852 3091 ry.
887 3029 1003 3078 Donatus
1018 3029 1137 3079 musaei
1154 3028 1286 3077 busacius
1304 3027 1434 3078 &donas

387 3111 489 3174 Oollcpii
498 3111 706 3161 denunciationis
717 3113 748 3160 B.
756 3112 858 3161 Mariae
868 3112 896 3159 iu
908 3111 1070 3174 Camabsipia
1077 3111 1281 3174 peltaque-au
1297 3109 1435 3160 walum

387 3194 477 3250 amne,
490 3193 580 3243 Sacrae
598 3193 737 3256 Tlicoloyiac
753 3193 922 3256 owasonm,
940 3193 1063 3256 quosdam
1077 3192 1174 3243 δοοίιιπι
1192 3192 1298 3255 ejudem
1317 3192 1433 3256 calepti,

385 3292 451 3324 auno
463 3275 565 3324 Dmnini
580 3290 649 3336 1444,
661 3277 689 3324 ia
696 3275 759 3339 scstc
769 3276 795 3324 S.
806 3276 927 3339 Hisponis.

450 3355 578 3418 Epistolae
588 3356 612 3403 S.
630 3357 723 3419 ignatii
734 3357 768 3404 ibi
779 3356 826 3404 hoc
837 3356 923 3405 ordine
934 3362 1074 3405 occurrunt.

421 3453 440 3486 r.
460 3438 609 3501 Smyrnaeis.

419 3534 440 3568 2.
460 3519 603 3582 Smyrnaeis
614 3535 630 3567 a
640 3519 737 3567 'llrcade
749 3519 893 3582 Polycarpo.

418 3617 440 3663 3.
462 3601 584 3665 Ephesiis.

418 3703 440 3743 4.
461 3683 606 3745 Magnesiis.

418 3781 441 3827 5.
460 3765 662 3828 Philadelphicis.

418 3848 440 3897 6.
460 3848 587 3896 'liallesiis
598 3848 685 3897 Asiae.

418 3943 440 3992 7.
459 3930 572 3995 Epistola
584 3930 682 3978 Mariae
694 3930 839 3994 Proselytae
850 3929 1072 3978 Ghassacbolorum
1086 3929 1118 3978 ad
1130 3929 1266 3993 ignatium,
1277 3929 1434 3995 Episcopum
1491 3989 1495 3996 Ι

385 4012 542 4060 Antiochiae.

417 4096 440 4143 8.
459 4094 597 4156 Responsio
609 4093 705 4157 Ignatii
716 4093 813 4142 Mariae
826 4094 969 4157 Proselytse
981 4109 1055 4157 super
1065 4094 1153 4142 eadem
1165 4094 1283 4158 Epistola.

416 4192 439 4240 9.
458 4175 646 4224 Tharsensibus.

420 4274 456 4307 ιο.
475 4258 650 4307 Antiochenis.

421 4357 456 4389 ιι.
475 4342 561 4400 Eroni,
574 4340 686 4389 Discono
699 4340 824 4389 Ecclesiae
835 4341 1058 4389 Antiochenorum.

420 4438 457 4472 12.
477 4423 631 4487 Martyrium
647 4423 672 4471 S.
688 4423 790 4486 Ignatii,
805 4423 921 4487 Episcopi
933 4423 1084 4472 Antiochiae
1102 4424 1196 4486 Syriae.
1216 4422 1294 4488 Epist.
1308 4424 1351 4472 xii.
1387 4425 1435 4474 Sic

385 4508 452 4555 enim
464 4505 499 4554 ibi
509 4505 658 4569 appellatur.

420 4601 459 4648 13.
478 4586 605 4635 Romanis.

418 4669 520 4730 Scripsit
531 4670 624 4719 Beatus
632 4669 748 4731 Iynatius
754 4669 889 4718 Smirnacis
900 4687 916 4717 a
925 4670 1025 4729 Troade,
1036 4670 1171 4733 Polycarpo
1182 4687 1199 4719 c
1210 4670 1310 4728 Troade,
1319 4669 1435 4732 aptatis

385 4767 402 4798 a
424 4751 537 4812 Smyrasc,
558 4750 694 4813 Moyucsiis
716 4767 733 4797 a
753 4751 867 4813 Saepe-na,
888 4752 1085 4814 philadelphias
1106 4770 1123 4800 a
1147 4753 1248 4812 Troade,
1276 4751 1392 4801 t'rdaia
1416 4770 1437 4802 a

385 4831 498 4893 empna,
521 4831 622 4881 Mariae
642 4832 780 4894 Proselytac
800 4834 831 4880 ab
849 4834 990 4892 Autioelia,
1012 4834 1168 4883 Tarscasiius
1187 4852 1204 4883 a
1222 4832 1434 4897 Philippensibus,

387 4913 543 4961 ,tutissimis
559 4931 576 4961 a
587 4915 801 4977 Philippmitus:
820 4916 897 4963 Brcni
910 4916 1020 4966 Discum
1034 4933 1050 4963 a
1062 4916 1267 4980 Philippensibus,
1280 4916 1398 4966 amana
1417 4935 1438 4967 a

386 4996 421 5043 8.
437 5031 443 5041 .
457 5031 482 5042 ..
501 4995 632 5061 [Smymal
653 4997 806 5060 Martyrium
825 4999 910 5047 Sancti
930 4999 1026 5061 Iynatii
1046 5015 1098 5048 cum
1120 4999 1229 5062 Epistola
1247 4999 1282 5048 ad
1302 5000 1435 5061 haam,

385 5079 477 5140 scripta
488 5078 518 5125 ab
530 5079 583 5139 ipso
594 5079 629 5127 ad
638 5080 756 5141 ppetuu
770 5081 939 5130 Romanu-um.

424 5176 459 5219 ¹4·
479 5159 572 5208 Joanni
586 5160 770 5223 Evangelistse
