3250 6617
376 1045 418 1106 40
720 1039 752 1101 S.
772 1037 1029 1103 CLEMENTIS

376 1223 398 1259 ‘⁴
416 1212 474 1289 xci
489 1208 728 1312 μελανῶτεραι
746 1206 896 1305 σάκκου,
917 1214 974 1286 καὶ
997 1209 1238 1311 ἐπιστραφητε
1259 1204 1351 1309 πρός
1373 1239 1417 1305 με

376 1350 398 1387 “
414 1336 458 1442 ἐξ
484 1337 573 1438 ὅλης
599 1342 662 1437 τῆς
685 1339 841 1441 καρδίας,
868 1337 925 1415 καὶ
951 1335 1081 1436 ε’ίπητε,
1104 1332 1236 1439 Πάτερ,
1262 1334 1415 1415 ε’πακοιί·

376 1479 397 1516 “
415 1501 526 1566 σομαι
545 1469 656 1566 ὑμῶν,
678 1468 725 1550 ὡς
743 1474 835 1544 λαοῦ
852 1465 992 1566 ἁγίου.”
1052 1465 1124 1543 Καὶ
1142 1468 1179 1542 ἐν
1196 1463 1301 1570 ἑτέρη)
1318 1460 1418 1570 τόπῳ

1340 1591 1349 1615 )
1392 1588 1403 1616 Ι

375 1594 472 1695 λέγει
500 1595 620 1691 οὕτως,
641 1603 667 1640 “
681 1591 876 1673 Λοθσασθε
898 1594 955 1670 καὶ
980 1591 1127 1694 καθαροὶ
1150 1588 1307 1691 γένεσθε,
1328 1595 1397 1695 αφ(

376 1732 398 1768 “
415 1727 524 1801 λεσθε
542 1719 606 1805 τὰς
622 1721 793 1823 πονηρίας·
811 1719 883 1798 ἀπὸ
901 1724 973 1799 τῶν
987 1724 1117 1826 ψυχῶν
1132 1720 1238 1815 ὑμῶν,
1250 1716 1418 1799 ἀπέναντι
1432 1738 1451 1797 5

377 1860 398 1897 “
416 1856 487 1929 τῶν
505 1852 706 1957 ὀφθαλμῶν
722 1875 801 1948 μου·
830 1844 1022 1926 παύσασθε
1049 1845 1120 1926 ἀπὸ
1147 1853 1219 1926 τῶν
1241 1852 1420 1950 πονηριῶν

377 1990 398 2024 “
418 1979 529 2074 ὑμῶν,
551 1978 678 2075 μάθετε
696 1974 809 2056 καλὸν
827 1982 950 2068 ποιεῖν,
969 1973 1182 2076 ε’κζητήσατε
1200 1976 1332 2078 κρίσιν,
1352 1971 1417 2080 ῥό-

378 2117 399 2153 “
417 2111 535 2186 σασθε
562 2104 803 2205 ἀδικούμενον,
825 2104 962 2208 κρίνατε
987 2106 1147 2210 ὀρφανῷ.
1169 2106 1252 2209 [clai
1277 2101 1416 2182 δικαιῶ-

378 2245 399 2280 “
417 2266 506 2312 σατε
529 2231 634 2339 χήρᾳ,
656 2234 713 2311 καὶ
740 2235 836 2311 δεῦτε
861 2235 918 2310 καί
935 2232 1284 2337 Ηδιμλεχθῶμενη,
1305 2229 1415 2331 λέγει·

379 2375 399 2410 “
419 2365 476 2440 καὶ
511 2359 571 2440 ἐὰν
603 2358 693 2439 ῶσιν
723 2363 784 2466 [αἱ]
815 2361 981 2463 ἁμαρτίαι
1018 2362 1115 2458 ὑμῶν
1145 2362 1193 2444 ὡς
1222 2366 1417 2466 φοινικοῦν,
1435 2397 1473 2434 10

379 2502 401 2538 “
420 2492 492 2597 [ὡς]
512 2489 614 2594 χιόνα
640 2495 813 2568 λευκανῶ·
843 2487 963 2567 ἐὰνδὲ
985 2485 1077 2568 ῶσιν
1097 2491 1145 2572 ὡς
1175 2486 1350 2584 κόκκινον,
1372 2489 1421 2571 ῶς

380 2630 401 2666 “
420 2618 512 2721 έριον
541 2621 710 2695 λευκανῶ·
749 2620 806 2695 καὶ
836 2613 897 2695 ἐὰν
924 2615 1060 2715 θέλητε,
1095 2617 1152 2695 καί
1188 2613 1426 2715 εἰσακοθσητέ

381 2757 402 2793 “
420 2781 501 2844 μου,
518 2742 563 2823 τὰ
581 2742 701 2845 ἀγαθὰ
718 2747 782 2842 τῆς
798 2747 866 2844 γῆς
884 2741 1056 2850 φόγεσθε·
1080 2742 1140 2822 ἐὰν
1159 2742 1196 2821 δὲ
1213 2740 1263 2843 μὴ
1281 2741 1419 2843 θέλητε,

380 2885 402 2921 “
419 2871 506 2973 μηδὲ
523 2868 759 2971 εἰσακοόσητέ
775 2906 856 2970 μου,
876 2868 1034 2977 μάχαιρα
1052 2873 1141 2968 ὑμᾶς
1159 2869 1349 2950 κατέδεται·
1379 2869 1422 2952 τὸ

381 3013 402 3048 “
420 2998 491 3104 γὰρ
507 2997 627 3096 στόμα
647 3000 781 3102 Κυρίου
798 2996 978 3100 ε’λιίλησεν
996 2997 1137 3078 ταῦτα.”
1195 2995 1342 3082 Πάντας
1360 2998 1423 3076 οὖν
1440 3027 1476 3087 15

380 3125 463 3213 τοὺς
491 3124 696 3228 ἀγαπητοδς
725 3129 833 3207 αὐτοῦ
863 3126 1082 3224 βουλόμενος
1110 3126 1295 3225 μετανοίας
1317 3159 1423 3226 μετα-

381 3262 494 3363 σχεῖν,
507 3253 671 3360 ἐστήριξε
684 3258 735 3362 τῷ
753 3257 1062 3361 παντακρατορικῷ
1079 3252 1283 3355 βουλήματι
1300 3255 1421 3334 αὐτοῦ.

382 3505 513 3565 Clemens
532 3515 629 3565 eutem
643 3507 726 3565 Ales
745 3507 880 3585 [Peedeg.
922 3507 1007 3577 mine,
1032 3508 1108 3584 quod
1132 3506 1164 3577 is,
1188 3506 1316 3585 Josepho
1339 3514 1423 3579 teste,

381 3586 392 3644 i
410 3607 454 3661 10,
478 3608 505 3664 p.
526 3603 578 3662 151
599 3590 641 3647 ecl
665 3589 787 3664 Pelles]
811 3589 882 3648 citet
923 3588 1036 3667 [Antiq.
1052 3591 1127 3663 15,]
1149 3589 1310 3666 scripserat,
1331 3588 1422 3665 quod·

381 3669 450 3728 hsec
477 3670 539 3746 ipse
566 3672 653 3729 verbe
679 3691 715 3729 ex
738 3670 882 3748 Propheta
920 3690 977 3748 que
1000 3672 1076 3730 inter
1096 3670 1269 3748 Apccryphe
1295 3677 1424 3728 recenset

382 3749 483 3809 Ezech.
499 3757 534 3823 Τῇ
548 3754 576 3808 δὲ
588 3756 733 3827 παραμυθίᾳ
744 3758 885 3827 παρηγορεῖ
924 3752 1061 3829 Synopsls
1067 3751 1319 3824 Athanaslanffivel
1327 3751 1424 3828 potius

380 3836 413 3888 τὰ
432 3834 603 3906 ἁμαρτήματα
624 3842 700 3904 μαῶν
712 3837 758 3907 μίν
770 3837 816 3906 τὴν
828 3837 882 3890 ἔπι-
924 3833 1091 3892 Eusebium
1131 3833 1179 3891 Sic
1203 3834 1310 3892 Esdrae
1328 3833 1424 3890 locum

381 3915 479 3985 θυρίον,
494 3918 545 3985 ἅμα
559 3917 586 3971 δὲ
607 3919 647 3971 καὶ
665 3918 757 3975 ἐλπίδα
773 3918 885 3975 ἐνδιδοὺς
923 3914 1021 3973 laudet
1041 3914 1173 3973 Juscinus
1192 3915 1232 3973 M.
1250 3914 1280 3972 in
1299 3914 1424 3992 Dialogo

381 3999 418 4054 ele
441 4000 574 4069 σωτηρίαν·
596 3999 664 4070 φησὶ
682 4000 732 4070 γὰρ
748 4000 789 4053 διὸ
809 4000 882 4067 Ἰεζς-
924 4016 990 4054 cum
1011 3995 1171 4074 Tryphone,
1198 3996 1273 4073 apud
1301 3995 1424 4055 hcm·

381 4080 446 4147 κίηλ·
481 4079 543 4133 Ἐὰν
566 4079 741 4152 ἐπιστραφῆτε
768 4081 797 4148 ἐξ
823 4081 885 4149 ὅλης
924 4078 998 4137 tium
1033 4076 1135 4136 Latine
1167 4098 1288 4150 versum,
1318 4078 1347 4135 lv
1379 4081 1424 4149 18,

381 4162 427 4229 τῆς
453 4161 563 4232 καρδίας,
593 4163 633 4215 καὶ
666 4160 759 4229 εἴπητε,
786 4163 882 4234 Πάτερ,
924 4179 1010 4236 quem
1033 4160 1064 4216 ln
1088 4158 1177 4217 codd
1200 4158 1306 4218 nostris
1332 4159 1423 4218 incas·

382 4240 522 4309 ἀκούσομαι
555 4243 624 4312 ὑμῶν
650 4243 684 4298 ὡς
709 4245 774 4297 λαοῦ
799 4245 882 4315 ἁγίου.
924 4260 989 4298 sum
1012 4260 1138 4318 quaeras.
1179 4240 1279 4298 Ahum
1299 4241 1371 4300 citat
1388 4261 1424 4299 ex

383 4318 415 4378 si
435 4320 499 4397 quis
520 4321 609 4397 igitur
621 4320 692 4379 velit
706 4320 775 4380 haec
793 4321 885 4398 petits
925 4321 1070 4399 Sophonie
1085 4322 1216 4381 Clemens
1223 4321 1306 4380 Alex.
1317 4321 1423 4381 Sti-om

382 4401 468 4460 fuisse
505 4422 542 4460 ex
575 4402 748 4479 Apocrypho
788 4403 885 4480 aliquo
924 4423 951 4475 v,
970 4404 1044 4479 [he.
1060 4403 1090 4461 ni
1111 4403 1246 4476 fallor,iii
1263 4422 1308 4475 ιο,
1322 4423 1349 4480 p.
1366 4419 1425 4477 550

383 4482 541 4542 Ezechielis
562 4483 644 4556 libro,
669 4484 761 4542 nullas
785 4493 885 4544 contra
925 4485 968 4543 ecl
982 4485 1166 4563 Poller.]qui
1180 4485 1210 4543 in
1221 4485 1282 4564 ejus
1291 4484 1426 4544 vaticinio

384 4563 465 4622 illum
490 4564 555 4623 lites
574 4566 704 4637 movebo,
723 4585 813 4643 quum
834 4566 885 4625 du·
924 4586 983 4625 non
997 4575 1149 4644 comperet.
1191 4566 1425 4644 Huncdcsump·

384 4645 454 4704 dum
464 4645 622 4704 observan't
634 4646 761 4717 Photius‚
772 4648 812 4704 ὅτι
822 4649 886 4722 ῥητά
925 4655 989 4706 tum
1003 4668 1064 4707 esse
1077 4648 1204 4725 suspicor
1217 4668 1254 4706 ex
1265 4647 1427 4725 Sophonise

324 4792 327 4797 ¹
383 4751 438 4783 τινα
452 4731 486 4787 ὥς
499 4730 549 4785 ἀπὸ
562 4733 605 4799 τῆς
619 4731 687 4787 θείας
702 4733 805 4803 γραφῆς
818 4732 884 4800 ξινί-
927 4729 1088 4807 Prophetis,
1097 4730 1142 4788 vel
1156 4729 1338 4807 Apocalypsi,
1352 4730 1428 4789 inter

385 4812 457 4878 (cvra
471 4814 628 4884 παρεισάγει·
650 4812 755 4866 humi&
769 4813 886 4884 ἡπρώτη
927 4811 1029 4869 Libros
1052 4810 1241 4889 Apocryphcs
1261 4819 1428 4884 memorate,

385 4890 533 4960 α’πὴλλακτο
573 4897 710 4951 παντελῶς.
762 4890 884 4950 WOTT.
926 4892 957 4949 in
978 4892 1094 4952 canone
1114 4893 1327 4970 Scriptummm
1341 4892 1428 4951 Nice·

387 4969 479 5028 Locus
500 4971 548 5029 ille
569 4972 725 5031 Ezechielis
741 4974 787 5031 vel
807 4974 888 5033 deest
927 4974 1018 5051 phoro
1047 4974 1227 5033 Patrierchee
1263 4973 1349 5033 CPol.
1377 4974 1430 5033 tn·-

386 5051 416 5109 in
430 5051 511 5110 libris
527 5055 640 5128 nostris,
654 5057 699 5113 vel
720 5055 887 5133 desumptus
927 5056 1006 5122 huto.
1032 5062 1062 5115 et
1086 5056 1116 5114 in
1144 5056 1209 5115 MS.
1234 5055 1431 5116 Bibliothecae

387 5139 431 5193 est
452 5153 488 5193 ex
511 5134 603 5194 altero
626 5135 782 5196 Ezechielis
805 5138 885 5196 volu·
928 5136 1124 5198 Bercccisnze.
1157 5137 1303 5198 coLols.
1361 5136 1430 5197 Non
