3250 6617
524 1075 633 1139 VITA
653 1076 709 1139 ΕΤ
731 1073 940 1139 SCRIPPIS.
1209 1074 1255 1138 lix

215 1245 344 1319 utilem
378 1245 615 1346 Epistolam,¹
643 1274 737 1346 quae
770 1275 887 1347 usque
920 1248 1051 1322 hodie⁸
1077 1248 1116 1320 in
1143 1248 1254 1321 Asiae

215 1375 422 1445 conventut
446 1372 588 1473 legitur.

256 1724 272 1757 ⁸
284 1715 365 1774 POL
371 1713 445 1775 Yon
450 1715 507 1773 BP
513 1710 573 1794 Ua]
592 1713 780 1791 Polycarpum
787 1712 932 1791 Angelum
945 1733 1006 1773 esse
1019 1713 1101 1771 illum
1115 1713 1258 1773 Ecclesiae

217 1811 404 1889 Smyrneusis
419 1813 554 1890 adquam
569 1812 700 1871 Christus
713 1812 799 1871 scribi
813 1813 906 1890 jubet,
920 1812 1008 1890 Apoe.
1023 1812 1045 1869 ii
1060 1815 1148 1878 8-11‚
1162 1811 1257 1888 perhi-

215 1910 285 1969 bent
299 1910 463 1970 Halloixius
476 1911 507 1968 in
521 1911 590 1970 Vita
604 1909 698 1987 Polyc.
715 1911 832 1988 Scriptt.
846 1909 951 1969 Eccles.
962 1909 1071 1969 Orient.
1086 1909 1097 1967 i
1112 1912 1180 1983 488,
1193 1929 1220 1985 9,
1229 1918 1259 1970 et

217 2009 371 2081 Usseriua3
392 2009 511 2068 asseclas
531 2010 608 2068 nacti
629 2008 773 2087 Ittigium,
789 2009 909 2068 Dissert.
928 2009 963 2068 de
981 2008 1055 2068 Patt
1071 2008 1174 2086 Apost.
1192 2012 1258 2084 289,

217 2113 247 2166 et
259 2107 393 2173 Wallum,
407 2107 532 2184 Hictooy
544 2107 696 2183 ‹ffInfomt
709 2108 851 2184 Βσρίιζουι,
866 2107 876 2165 i
898 2110 933 2164 81
958 2106 1051 2166 Oxou.
1071 2109 1157 2180 1845.

256 2201 440 2263 1’.Ῐοίιοιιιιιζι
461 2204 587 2281 Apostoli
611 2204 784 2281 discipedua]
808 2203 953 2274 henaena,
975 2203 1089 2281 Fragm
1112 2203 1203 2280 Epist
1223 2203 1260 2261 ad

218 2303 374 2376 Florinum,
390 2303 463 2381 Opp.
479 2324 506 2381 p.
524 2322 583 2377 340
601 2302 644 2361 ed
662 2303 796 2361 Massuet.
818 2300 924 2361 Routh.
941 2302 1045 2378 Script.
1062 2302 1137 2360 Eeol
1154 2301 1258 2379 Opuso.

219 2402 269 2477 lp.
287 2417 334 2475 35,
355 2405 387 2458 A!
403 2405 454 2476 γὰρ
476 2404 504 2456 ἐκ
525 2403 623 2458 παίδων
645 2401 767 2472 μοθησειε
792 2400 965 2470 συνοῦξσυσοι
988 2405 1018 2470 τῇ
1042 2405 1126 2475 ψυχῇ,
1149 2403 1261 2455 ἑνοῦνποι

218 2501 288 2570 οὔτῇ·
310 2501 377 2555 ὥστε
389 2522 421 2568 με
435 2499 557 2554 δύνασθαι
571 2499 649 2555 είπεῑν
662 2500 702 2553 καί
722 2501 766 2554 τὸν
779 2501 858 2554 τόπον
871 2494 932 2573 ε’νῷ
953 2498 1114 2566 καθεζόμενος
1134 2497 1261 2568 διελέγετο

218 2600 367 2670 όμοιιιὶριοε
379 2596 555 2670 Πολόκορποι,
570 2599 611 2652 καί
631 2598 676 2655 τὰς
696 2597 822 2667 προόδους
835 2598 912 2651 αὐτοῦ
925 2598 966 2651 κοί
979 2598 1024 2652 τὰς
1036 2596 1152 2651 είσόδουε
1165 2595 1205 2648 καί
1217 2596 1262 2649 τὸν

219 2699 363 2769 χοροετῆρο
386 2700 431 2751 τοῦ
450 2697 518 2766 βίον,
535 2698 575 2751 κοί
598 2697 643 2766 την
662 2700 708 2751 τοῦ
729 2698 848 2766 σώματος
868 2695 943 2766 itio,
963 2696 1069 2751 καὶτὰς
1090 2693 1213 2762 διολέξειε
1232 2693 1262 2750 δι

220 2795 328 2851 ε’ποιεῖτο
354 2796 419 2867 πρὸς
445 2797 475 2849 τὸ
499 2794 606 2864 πλῆθος,
629 2796 669 2849 καί
690 2797 736 2862 την
758 2795 821 2863 perd
846 2794 961 2848 Ἰωάννου
983 2791 1203 2865 σουονοστροφην,
1228 2793 1263 2849 ὥς

219 2892 365 2966 σ’πὴγγελλε
385 2894 426 2947 καί
444 2893 490 2962 τὴν
501 2894 565 2962 μετὰ
585 2897 636 2946 τῶν
647 2895 743 2946 λοιπῶν
764 2897 816 2946 τῶν
836 2893 981 2964 ε’ωροκόπων
993 2893 1038 2946 πδν
1051 2889 1153 2963 Κύριον,
1168 2892 1209 2944 καί
1229 2891 1263 2946 ὣς

220 2990 404 3061 ἇπεμνημόνευε
423 2991 483 3048 τοὺς
501 2993 595 3063 λόγους
615 2991 703 3058 αὐτῶν,
723 2990 763 3043 καί
784 2991 843 3061 περί
864 2993 909 3043 τοῦ
928 2989 1021 3060 Κυρίου
1042 2990 1097 3042 τινὰ
1117 2986 1148 3056 ἢν
1166 2988 1183 3042 δ
1202 2987 1262 3059 παρ’

220 3090 319 3145 ἐκείνων
331 3090 438 3160 ἀκηκόει·
458 3091 570 3162 καὶπερὶ
582 3095 633 3144 τῶν
646 3091 772 3158 δυνάμεων
784 3091 869 3153 celred,
884 3091 924 3144 καί
944 3090 1003 3161 περὶ
1022 3091 1066 3158 τῆς
1086 3090 1262 3152 διδασκαλίας,

220 3190 255 3245 ὥς
267 3190 336 3261 πορδ
355 3195 406 3244 τῶν
417 3190 547 3244 αι’σοπτῶν
564 3191 609 3258 τῆς
630 3190 693 3256 ζωῆς
713 3191 758 3243 τοῦ
778 3191 858 3261 λόγου
878 3190 1044 3260 παρειληφὼς
1057 3190 1072 3242 ό
1086 3186 1263 3260 Πολόκορπος,

220 3286 366 3360 ἀπήγγελλε
379 3290 460 3343 πάντα
473 3285 600 3358 σύμφωνα
613 3290 667 3342 τοῖς
679 3289 799 3357 γροφοῖς.

260 3395 273 3426 ⁶
291 3384 454 3460 Episcopus
466 3384 641 3459 ordinatus]
659 3382 803 3453 Irenaeus‚
819 3392 855 3438 111
869 3382 900 3439 iii
915 3403 942 3454 4,
956 3402 983 3459 p.
998 3383 1053 3456 176
1068 3383 1112 3441 ed.
1127 3381 1263 3439 Massuet.

220 3483 270 3538 itud
291 3483 445 3540 ἀποστόλων
465 3483 630 3539 κατασταθεὶς
649 3483 685 3537 είς
705 3482 750 3551 τὴν
762 3482 860 3550 Ἀσίαν,
875 3482 948 3551 ε’νιῇ
970 3483 997 3536 ἐν
1016 3481 1114 3553 Σμύρνη
1135 3481 1263 3552 ἐκκλησίᾳ,

220 3581 367 3638 ἐπίσκοπος.
403 3578 602 3644 Tertullianus,
626 3580 661 3637 dc
685 3576 854 3654 Praescript.
878 3578 994 3635 Haeret.
1015 3577 1095 3652 §32
1139 3576 1264 3635 “Caete-

222 3678 239 3709 “
251 3694 325 3740 rum,
339 3674 364 3732 si
384 3694 457 3751 quae
477 3675 584 3734 audent
605 3675 772 3734 interserere
792 3694 823 3732 sc
840 3673 928 3733 aetati
943 3673 1132 3750 Apostolicec,
1146 3681 1179 3732 ut
1200 3673 1264 3732 ideo

221 3783 239 3807 ‘⁸
252 3773 403 3832 videantur
426 3774 462 3831 ab
484 3772 633 3850 Apostolis
656 3774 787 3839 traditae,
807 3773 875 3849 quia
898 3773 951 3830 sub
973 3772 1122 3850 Apostolis
1140 3771 1264 3843 fuerunt,

221 3876 403 3949 “possumus
425 3871 540 3931 dicere:
574 3872 670 3931 Edant
691 3892 760 3950 ergo
781 3871 906 3949 origines
927 3870 1117 3929 Ecclesiamm
1138 3889 1263 3935 suarum.

222 3978 239 4003 ‘⁸
255 3969 387 4027 evolvant
400 3968 531 4027 ordinem
545 3969 753 4046 Episcoporum
767 3989 892 4039 suorum,
907 3968 948 4027 ita
961 3988 1013 4044 per
1026 3967 1214 4026 successiones
1228 3967 1264 4024 ab

223 4065 337 4126 “initio
358 4066 564 4133 decurrentem,
578 4073 612 4124 ut
632 4066 742 4143 primus
760 4065 809 4123 ille
830 4065 978 4142 episcopus
996 4065 1120 4142 aliquem
1137 4085 1173 4123 ex
1187 4065 1265 4142 Apo·

222 4163 334 4222 “stolis
347 4164 392 4223 vel
413 4184 450 4223 ex
464 4163 639 4241 Apostoliois
652 4163 730 4234 viris,
745 4162 793 4240 qui
810 4170 907 4221 tamen
926 4182 991 4221 cum
1004 4162 1151 4240 Apostolis
1171 4183 1265 4239 perse-

222 4267 240 4298 “
253 4263 402 4335 voraverit,
416 4262 549 4321 habuerit
563 4270 709 4321 auctorem
723 4270 752 4320 et
766 4268 980 4321 antecessorem.
1011 4261 1076 4319 Hoc
1090 4260 1167 4319 euim
1180 4262 1266 4320 modo

222 4366 240 4396 ‘⁴
255 4361 396 4420 Ecclesiae
409 4361 592 4439 Apostolicae
603 4380 703 4419 census
713 4380 780 4418 suos
790 4359 922 4418 delemnt
935 4380 941 4416 :
955 4359 1030 4417 sicut
1044 4358 1265 4436 Smyrnaeorum

223 4464 241 4492 “
257 4459 383 4518 Ecclesia
408 4459 597 4537 Polycarpum
624 4459 660 4516 ab
687 4457 819 4516 Johanne
846 4457 1024 4515 conlocatum
1051 4457 1139 4516 refert
1149 4478 1158 4530 ;
1193 4458 1267 4517 siout

224 4562 241 4590 “
254 4557 457 4629 Romanorum,
472 4557 648 4616 Clementem
663 4577 680 4614 a
694 4556 780 4614 Petro
791 4555 954 4613 ordinatum
968 4554 1094 4613 itidem.’'

266 4653 429 4714 secundum
451 4675 469 4712 a
491 4655 584 4731 primo
609 4653 717 4713 Bucolo
740 4652 930 4730 Polycarpum
955 4652 1176 4729 Smyrnaeorum
1198 4653 1267 4731 Epi·

224 4770 343 4829 scopum
364 4751 504 4811 collocant
525 4751 635 4819 Suidae‚
656 4771 682 4812 v.
698 4751 875 4824 Πολίκαρπος,
895 4757 925 4808 et
943 4749 1063 4808 Menace
1083 4751 1266 4810 Graecorum

225 4849 321 4911 Aliter
333 4858 430 4910 autem
444 4850 564 4928 legimus
577 4850 607 4908 in
622 4850 719 4909 (loust.
732 4848 835 4926 Apost.
849 4848 889 4906 vii
904 4849 951 4919 46,
969 4849 1081 4921 Σμύρνης
1101 4852 1129 4906 δὲ
1142 4851 1268 4926 Ἀρίστων

225 4956 333 5024 aporos,
347 4950 402 5021 μεθ
417 4950 447 5005 δν
458 4951 594 5023 ltparcius
607 4953 622 5005 ὁ
635 4951 739 5020 Λώίδος,
754 4954 794 5002 καὶ
807 4949 891 5019 τρίτος
903 4947 1040 5019 Ἀρίστων.

266 5043 384 5105 Μοίρι
391 5042 540 5125 μυίιιοορι]
553 5045 628 5104 Vide
640 5045 679 5103 sis
693 5043 775 5110 infra,
790 5063 817 5119 p.
832 5045 849 5100 6
853 5062 888 5118 34
904 5042 922 5100 l.
934 5062 961 5118 3,
976 5050 1062 5120 atque
1075 5043 1115 5101 ibi
1130 5051 1234 5104 notata

267 5153 280 5183 θ
294 5142 346 5218 qui
358 5142 492 5201 videram
505 5143 678 5216 Dominum]
698 5142 839 5212 irenaeus,
855 5140 872 5197 l.
888 5162 910 5198 c.
954 5145 1003 5197 Kal
1017 5142 1183 5216 Πολύκορπος
1197 5145 1224 5198 δὲ
1238 5145 1268 5198 οὐ

913 5237 933 5299 h
950 5256 969 5301 2
