3250 6617
208 2020 343 2070 Continua-

208 2086 252 2134 tio.

371 1066 414 1127 38
736 1063 768 1126 S.
786 1062 1043 1127 CLEMENTIS

373 1266 445 1317 νοις
470 1233 731 1338 ἐπιστραφῆναι
754 1234 808 1312 ἐπ’
828 1233 945 1314 αὐτόν.
1003 1240 1086 1314 Νῶε
1111 1231 1279 1337 ἐκήρυξεν
1305 1233 1412 1334 μετοί-

373 1394 481 1458 νοιαν,
500 1362 557 1439 καὶ
586 1365 618 1438 οἱ
647 1360 913 1446 ὑπακούσαντες
939 1360 1141 1461 ἐσώθησαν.
1201 1362 1325 1446 Ἰωνᾶς
1344 1368 1413 1442 Νι·

372 1486 518 1572 νευίταις
536 1485 791 1595 καταστροφὴν
809 1486 987 1592 ἐκήρυξεν,
1012 1493 1044 1567 οἱ
1073 1487 1109 1566 δέ
1136 1488 1416 1589 μετανοήσαντες

370 1617 425 1694 ἐπὶ
456 1621 527 1700 τοῖς
556 1614 808 1719 ἁμαρτήμασιν
840 1618 956 1695 αὐτῶν
982 1614 1201 1718 ἐξιλάσαντο
1229 1614 1292 1695 τὸν
1323 1617 1416 1696 Θεὸν

372 1740 621 1833 ἱκετεύσαντες,
644 1746 700 1821 καὶ
722 1741 856 1836 ἔλαβον
875 1746 1069 1845 σωτηρίαν,
1091 1744 1213 1846 καίπερ
1231 1743 1447 1846 ἀλλάτριοι5

372 1879 435 1950 τοῦ
455 1876 549 1949 Θεοῦ
568 1869 675 1955 ὄντες.

431 1994 490 2078 H'.
511 2002 559 2077 Oi
578 2001 775 2098 λειτουργοὶ
794 2002 858 2096 τῆς
876 1995 1020 2103 χάριτος
1037 2006 1100 2077 τοῦ
1116 2003 1210 2078 Θεοῦ
1225 1997 1283 2076 διὰ
1299 1997 1413 2077 ssani-

372 2159 484 2225 ματος
495 2126 621 2227 Ἀγίου
639 2129 717 2230 περὶ
731 2127 914 2224 μετανοίας
928 2125 1129 2226 ἐλάλησαν·
1151 2130 1208 2205 καὶ
1227 2123 1333 2211 αὐτὸς
1346 2127 1382 2203 δέ
1397 2130 1416 2204 ὁ

374 2251 565 2354 Δεσπότης
577 2260 649 2333 τῶν
663 2252 830 2333 ἁπάντων
848 2257 927 2357 περὶ
944 2253 1130 2352 μετανοίας
1147 2251 1329 2353 ἐλάλησεν
1339 2254 1414 2351 μεθ

374 2380 491 2484 ὅρκου·
514 2394 535 2429 “
548 2387 608 2460 Ζῶ
627 2380 699 2484 γὰρ
716 2379 799 2482 ἐγὼ,
819 2380 914 2482 λέγει
936 2379 1077 2483 Κύριος,
1096 2384 1138 2458 οὐ
1155 2380 1335 2477 βούλομαι
1353 2380 1417 2459 τὸν
1433 2417 1469 2455 ιο

373 2520 395 2556 “
412 2508 565 2588 θάνατον
582 2517 646 2588 τοῦ
664 2510 891 2612 ἁμαρτωλοῦ,
906 2511 954 2592 ὡς
967 2504 1033 2607 τὴν
1046 2506 1267 2606 μετοίνοιαν·”
1295 2542 1414 2612 προσ·

372 2640 476 2721 τιθεὶς
493 2640 550 2715 καὶ
568 2637 715 2739 γνώμην
734 2636 887 2738 ἀγαθήν,
910 2649 930 2683 “
944 2635 1212 2736 Μετανοήσατε,
1227 2632 1320 2721 οἶκος
1336 2637 1415 2716 Ἰσ-

374 2776 394 2812 “
412 2760 520 2867 ραὴλ,
541 2762 612 2844 ἀπὸ
630 2768 693 2863 τῆς
709 2764 856 2862 ἀνομίας
874 2765 982 2862 ὑμῶν.
1026 2760 1141 2843 Εἶπον
1158 2772 1231 2847 τοῖς
1250 2768 1336 2849 υἱοῖς
1353 2774 1418 2845 τοῦ

374 2905 395 2941 “
413 2901 505 2972 λαοῦ
522 2927 605 2991 μου,
627 2891 687 2970 ἐὰν
705 2890 796 2971 ὦσιν
815 2895 851 2969 αὶ
875 2893 1041 2994 ἁμαρτίαι
1062 2895 1159 2990 ὑμῶν
1178 2889 1249 2970 ἀπὸ
1267 2895 1331 2990 τῆς
1349 2895 1417 2993 γῆς

373 3032 395 3068 “
413 3021 477 3105 ἕως
501 3029 563 3100 τοῦ
589 3023 753 3124 οὐρανοῦ,
776 3021 834 3098 καὶ
856 3019 917 3098 ἐὰν
936 3016 1028 3100 οἶσιν
1044 3017 1255 3124 πυρρόιεραι
1273 3021 1415 3118 κόκκου,
1434 3054 1468 3113 15

373 3223 450 3277 αὐτόν
470 3228 568 3296 aperte
590 3221 781 3278 contrariatur
808 3222 875 3280 ‹loc-
916 3221 1048 3293 Hermas,
1063 3220 1137 3278 Past.
1154 3220 1204 3278 III
1219 3220 1250 3278 ix
1266 3240 1312 3295 23,
1328 3225 1344 3252 “
1356 3221 1416 3280 Do·

373 3301 465 3360 trinae
486 3301 521 3359 de
542 3302 679 3360 electione
697 3310 726 3360 et
740 3303 874 3379 reproba·
917 3307 934 3334 “
947 3303 1042 3360 minus
1066 3311 1163 3360 noster
1184 3302 1233 3378 qui
1252 3302 1418 3361 dominatur

373 3383 452 3442 tione
472 3383 610 3449 absoluta,
624 3384 669 3440 cui
683 3383 795 3442 favebat
810 3384 875 3442 Cal-
916 3390 933 3417 “
946 3384 1075 3442 omnium
1088 3383 1211 3441 rerum.”

373 3464 433 3523 vini
447 3465 597 3522 studiosus.
614 3464 735 3522 WOTT.
959 3485 1002 3523 ιο.
1022 3473 1061 3520 Ζῶ
1078 3469 1129 3540 γὰρ
1152 3461 1221 3603 ε’γὼή)
1236 3464 1317 3523 Haec
1330 3466 1418 3523 verba

420 3566 442 3603 1.
456 3553 512 3601 Νῶε
521 3549 640 3618 ἐκήρυξεν
648 3549 791 3622 μετάνοιαν]
808 3547 875 3604 Hil·
916 3546 1041 3605 citantur
1068 3566 1105 3604 ex
1129 3546 1202 3603 Erec
1223 3591 1228 3604 .
1253 3546 1345 3604 xxxiii
1373 3565 1417 3621 11,

374 3627 531 3706 genfeldius
544 3636 650 3696 monet,
661 3629 763 3700 Norun,
777 3649 876 3686 secun·
916 3629 966 3686 aed
979 3649 1036 3685 non
1050 3630 1182 3698 οὖτολεξεί
1193 3649 1199 3683 :
1220 3627 1327 3686 habent
1340 3629 1417 3686 enirn

375 3710 445 3767 dum
469 3708 590 3766 Oraeula
615 3709 762 3786 Sibyllina,
785 3710 794 3767 i
821 3725 875 3783 135
917 3709 998 3766 LXX
1020 3709 1090 3768 Intt.
1116 3717 1155 3764 Ζῶ
1173 3711 1231 3783 ε’γὼ,
1248 3712 1319 3783 λέγει
1338 3711 1418 3766 Ἀδο-

375 3811 415 3867 uq.
431 3797 583 3867 antequam
598 3791 733 3848 inaream
747 3791 876 3864 intraret,
917 3795 956 3848 rai
983 3793 1075 3865 Κύριος
1091 3835 1097 3847 .
1115 3833 1121 3846 .
1138 3835 1144 3848 ,
1161 3791 1222 3848 MS.
1239 3790 1321 3848 Alex.
1365 3791 1418 3867 (Ζῶ

374 3872 504 3930 homines
531 3872 567 3928 ad
596 3873 801 3949 poenitentiam
831 3893 876 3931 re·
917 3875 975 3947 ἐγὼ,
1002 3875 1062 3928 τάδε
1084 3873 1156 3946 λέγει
1177 3873 1313 3946 Κύριος..
1353 3872 1415 3931 MS.

375 3973 508 4025 vocasse;
529 3961 558 4011 et
572 3953 647 4011 huuc
661 3955 754 4010 locum
769 3954 877 4012 iudicat
916 3953 982 4012 vat.
1025 3961 1064 4009 Ζῶ
1088 3957 1146 4028 ἐγὼ,
1164 3955 1235 4028 λέγει
1258 3954 1351 4025 Κύριος
1368 3955 1418 4010 Κύ-

375 4034 560 4111 eTheophilo
581 4035 713 4093 Antioch.
731 4035 766 4091 ad
781 4036 875 4094 Auto-
915 4060 970 4109 ριοε
985 4077 991 4090 .
1009 4077 1015 4091 .
1032 4079 1039 4092 .
1058 4035 1100 4093 ed.
1125 4033 1284 4112 Complut.)
1305 4038 1335 4091 οὐ
1355 4036 1418 4101 βοέν

375 4117 479 4193 lycum,
494 4116 524 4173 ἰὶἱ
543 4135 598 4190 193
617 4121 650 4175 ὡς
664 4124 721 4172 Νῶε
735 4122 876 4191 κατογγελ-
915 4121 992 4187 λομαι
1011 4120 1056 4172 τὸν
1068 4119 1174 4173 θάνατον
1191 4122 1237 4172 τοῦ
1257 4123 1416 4188 ἁμαρτωλοῦ,

375 4202 429 4254 λων
451 4203 504 4256 τοῖς
528 4202 586 4253 τότε
612 4200 752 4271 ἀνθρώποις
772 4200 876 4270 μελλειν
916 4198 985 4257 Oad.
1002 4194 1083 4255 Alex
1101 4197 1225 4275 (ἀσεβοῦς
1239 4194 1320 4273 Vnt.)
1334 4201 1368 4255 ὡς
1388 4203 1418 4253 τὸ

376 4283 552 4350 κατακλυσμὸν
578 4281 692 4344 ἔσεσθαι,
716 4282 874 4352 τροεφήτευ-
915 4281 1081 4354 ἀποστρέψαι
1114 4283 1159 4334 τὸν
1185 4281 1269 4350 ἀσεβῆ
1296 4281 1347 4335 ἀπὸ
1374 4283 1418 4349 τῆς

377 4385 424 4417 σεν
453 4364 537 4418 αὐτοῖς
569 4361 660 4434 λέγων,
689 4367 775 4425 Δεῦτε,
803 4366 875 4416 καλεῖ
914 4365 975 4417 ὁδοῦ
1001 4364 1078 4416 αὐτοῦ
1105 4365 1149 4430 τῆς
1170 4365 1287 4433 πονηρᾶς,
1312 4363 1352 4416 καὶ
1375 4365 1419 4430 (nv

375 4445 439 4514 ὑμᾶς
459 4446 551 4501 όθεὸς
571 4445 606 4500 εἷς
625 4446 762 4512 μετάνοιαν·
783 4445 823 4498 διὸ
838 4444 875 4496 σι’-
916 4445 998 4497 minin
1040 4441 1117 4519 (Vati.
1142 4441 1253 4501 omittit
1272 4446 1317 4513 τῆς
1340 4466 1417 4512 πονη-

376 4523 446 4582 κείως
460 4524 603 4579 Δευκαλίων
616 4523 718 4594 ἐκλήθη.
915 4527 983 4597 ρᾶς.)
1005 4521 1128 4580 WOTT.

418 4623 443 4662 2.
459 4608 499 4660 καὶ
519 4609 543 4660 oi
563 4605 762 4678 ιἰπακοῦσαντες]
787 4604 876 4663 Deest
960 4623 1003 4661 12.
1016 4605 1204 4677 Μετανοήσατε,
1217 4602 1283 4662 οἶκος
1295 4605 1415 4678 Ἰσραήλ]

375 4690 400 4741 οἱ
418 4685 447 4743 in
463 4686 543 4744 Libb.
560 4685 644 4761 impr.
661 4685 684 4742 si
699 4683 788 4743 Wott.
806 4685 875 4744 Gal·
917 4685 996 4743 Haec
1010 4691 1040 4744 et
1053 4686 1201 4761 sequentia
1213 4686 1301 4743 verba
1316 4685 1417 4742 nullibi

375 4766 449 4825 laud„
480 4767 703 4825 Schoenemann.
729 4767 824 4824 Hefel.
847 4773 876 4824 et
915 4766 1057 4824 habentur
1084 4767 1114 4824 in
1142 4767 1236 4825 Sacris
1263 4766 1419 4844 Scripturia

377 4847 552 4907 Dresselium
567 4848 698 4925 excipias.
916 4848 1038 4906 totidem
1071 4848 1173 4906 verbis.
1225 4850 1315 4906 Recta
1348 4868 1418 4906 sane

418 4944 444 5004 7.
468 4936 498 4987 οἱ
519 4934 660 5004 λειτουργοὶ
674 4926 781 5009 καλ]
807 4929 876 4988 Pro-
916 4929 1031 4988 videtur
1057 4949 1118 4989 ease
1147 4931 1310 5008 conjectura
1337 4930 1417 4987 Junii

376 5011 476 5088 phetas
512 5011 627 5069 videtur
666 5010 877 5088 intelligere.—
917 5010 970 5069 hoc
988 5011 1019 5068 in
1039 5011 1111 5082 loco,
1126 5012 1210 5089 plura
1227 5013 1290 5070 lona
1306 5032 1344 5070 ex
1365 5011 1416 5069 Sa·

378 5093 488 5150 LABB.
917 5093 972 5152 eris
986 5094 1092 5152 Literia
1105 5093 1134 5150 in
1153 5093 1226 5152 banc
1241 5113 1327 5151 unam
1349 5093 1418 5151 cita-

418 5176 444 5231 8.
474 5179 489 5230 ὀ
516 5179 648 5244 Δεσπότης
674 5180 724 5230 τῶν
746 5176 874 5249 ἁπάντων]
917 5175 1025 5234 tionem
1036 5175 1179 5253 compingi
1193 5197 1199 5234 :
1214 5175 1291 5253 quod
1305 5182 1418 5233 nonest
