3250 6617
409 1061 472 1101 xxx
665 1033 993 1099 RECENTIORUM
1017 1033 1201 1096 JUDICIA

410 1207 558 1269 “saltem
580 1217 742 1290 corrupta;
766 1205 840 1289 quia
861 1206 946 1268 locus
968 1203 1193 1267 aTheodoreto
1215 1207 1247 1265 et
1266 1200 1394 1265 Gelasio
1416 1223 1456 1265 ex

411 1318 431 1347 “
447 1308 501 1372 illa
514 1309 630 1372 citatus
644 1308 678 1371 in
694 1309 809 1372 nostris
824 1307 1051 1390 exemplaribus
1066 1329 1128 1370 non
1144 1305 1304 1369 invenitur
1313 1304 1361 1366 ¹:”

453 1411 588 1475 Thomas
603 1411 711 1475 Bilson
734 1419 868 1489 nostras,
884 1410 944 1473 Vir
965 1409 1073 1493 magni
1094 1410 1127 1471 in
1143 1408 1282 1472 Ecclesia
1302 1407 1455 1485 nominis,

411 1514 449 1578 de
485 1521 634 1598 perpetua
663 1513 891 1598 gubernatione
920 1513 1075 1576 Ecclesiae
1104 1510 1228 1594 scripsit
1257 1510 1325 1574 fuse
1356 1517 1455 1593 atque

410 1615 548 1685 erudite:
573 1616 605 1679 S.
619 1616 784 1700 Ignatium
807 1622 914 1679 autem
939 1615 972 1677 in
998 1637 1033 1678 eo
1060 1637 1149 1697 opere
1173 1620 1210 1677 ut
1234 1612 1453 1676 indubitatum

410 1716 580 1779 Auctorem
606 1717 783 1800 frequenter
811 1717 929 1793 laudat,
953 1724 986 1779 et
1009 1715 1086 1778 dum
1115 1714 1147 1777 in
1174 1713 1255 1776 vivis
1283 1718 1375 1789 esoet
1400 1733 1453 1775 eas

410 1817 493 1901 ipsas
517 1819 683 1902 Epistulas,
707 1844 784 1903 quas
808 1819 896 1896 citat,
920 1817 1077 1902 scripsisse
1106 1815 1337 1881 sanctissimum
1358 1814 1452 1878 illum

412 1923 589 2006 Martyrcm
603 1924 747 1986 affirmat.

454 2025 615 2088 Abraham
631 2027 800 2103 Scultetus,
817 2025 850 2088 in
865 2025 1007 2088 Medulla
1021 2025 1162 2100 Patriam,
1177 2022 1223 2085 ita
1244 2021 1451 2106 pronunciat:

411 2137 432 2167 “
449 2128 635 2193 Rationibus
664 2129 697 2193 in
721 2152 844 2193 omnem
870 2135 991 2212 partem
1015 2127 1109 2211 probe
1138 2126 1365 2210 diligenterque
1395 2148 1451 2190 ex-

411 2240 432 2269 “
447 2231 555 2308 cussis,
575 2231 609 2294 in
633 2231 759 2295 tertiam
782 2231 925 2295 nonnulli
950 2236 1141 2294 secesserunt
1164 2228 1361 2304 sententiam,
1385 2235 1452 2292 sta·

410 2341 431 2371 “
446 2340 635 2418 tueruntque
669 2357 734 2398 esse
770 2333 896 2418 quidem
925 2333 1082 2417 Epistolas
1114 2333 1204 2396 hasce
1234 2332 1364 2415 Ignatii,
1395 2333 1452 2396 sed

410 2444 431 2474 “
446 2435 646 2514 adulteratas,
668 2437 721 2500 sed
744 2437 963 2520 interpolatas:
988 2459 1119 2519 quorum
1143 2435 1176 2498 iu
1194 2435 1313 2518 judicio
1336 2442 1370 2498 et
1392 2457 1452 2499 nos

411 2547 431 2576 “
447 2539 701 2622 acquiescimus.”

244 2668 355 2717 pm.
455 2642 640 2706 Possevinus
662 2649 767 2706 autem
789 2643 958 2706 adhaerens
983 2642 1127 2719 Baronio,
1144 2651 1164 2679 “
1178 2641 1267 2705 Licet
1289 2642 1321 2703 S.
1336 2639 1451 2705 Hiero-

244 2749 299 2795 ¹1⁰¹,
313 2732 381 2797 ¹⁶⁰&
412 2753 432 2782 “
448 2745 595 2825 uymus,’'
606 2746 720 2828 iuquit,
731 2752 887 2808 “tantum
898 2744 1076 2808 meminerit
1087 2744 1216 2827 Septem
1225 2743 1452 2827 Epistolarum,

412 2855 433 2885 “
448 2846 621 2910 Duodecim
637 2853 742 2911 tamen
759 2848 841 2911 haud
856 2847 967 2911 dubiae
982 2845 1053 2909 fidei
1070 2845 1230 2909 habemus.
1273 2844 1360 2908 Quae
1375 2867 1452 2909 vero

412 2950 522 3013 “Tres
547 2950 624 3013 aliae
648 2951 800 3026 feruntur,
823 2951 881 3013 etsi
905 2973 968 3013 non
994 2954 1060 3013 tam
1084 2955 1185 3012 certae
1206 2948 1278 3011 fidei
1301 2955 1384 3025 sunt,
1407 2949 1452 3011 ci-

412 3060 432 3089 “
448 3057 556 3114 tantur
570 3058 676 3115 tamen
695 3076 714 3115 a
734 3053 767 3114 S.
781 3052 938 3116 Bernardo
947 3078 956 3128 ;
980 3075 1036 3115 nec
1051 3052 1175 3114 defuere
1190 3057 1261 3133 post
1275 3050 1364 3113 illum
1380 3050 1452 3114 Viri

379 3205 385 3217 .
412 3163 433 3192 “
449 3155 544 3231 docti,
559 3154 612 3238 qui
630 3155 766 3239 ipsarum
787 3155 1030 3218 meminerunt.'’
1075 3155 1118 3217 Et
1133 3154 1268 3217 Jacobus
1285 3153 1453 3217 Gretserus

412 3258 520 3321 eadem
541 3280 644 3342 presse
666 3258 806 3341 sequitur
823 3259 958 3342 vestigia
977 3259 1016 3322 de
1035 3258 1207 3322 Duodecim
1223 3257 1372 3341 Epistolis
1394 3281 1451 3341 ge-

412 3361 516 3424 uuiuis
526 3388 534 3438 ς
558 3384 689 3444 quarum
705 3362 867 3426 Vindicias
881 3362 920 3425 ab
940 3362 1048 3426 eodem
1068 3362 1198 3444 scriptas
1220 3361 1333 3425 alieubi
1355 3362 1453 3425 latere

413 3470 548 3527 testatur
562 3487 594 3526 se
609 3464 763 3528 audivisse
778 3465 951 3528 Labbaeus.

457 3568 535 3629 Tum
552 3590 625 3631 vero
648 3568 804 3632 Martialis
827 3569 1031 3646 MaestraeuS,
1049 3568 1167 3631 Doctor
1190 3567 1380 3645 Parisieusis‚
1396 3568 1452 3652 qui

414 3669 578 3753 Ignatium
600 3671 703 3754 ipsum
724 3672 823 3734 edidit
832 3671 858 3750 ¹¹,
873 3679 905 3735 et
921 3672 1016 3736 Notis
1035 3671 1216 3748 illustravit,
1231 3671 1306 3734 'l‘res
1322 3671 1453 3735 Latinas

413 3772 446 3835 iu
462 3773 769 3837 Commentationum
784 3775 1043 3859 Apocrypharum
1062 3796 1191 3836 numero
1206 3773 1336 3837 collocat
1345 3800 1354 3850 ;
1379 3775 1452 3837 reli-

413 3899 489 3959 quas
505 3876 677 3940 Duodecim
692 3886 713 3916 “
722 3901 886 3961 germanas
907 3885 939 3941 ct
951 3900 1021 3940 vere
1036 3900 1143 3940 aureas
1159 3877 1280 3961 Ignatii
1295 3877 1453 3960 Epistolas

414 3987 434 4016 “
450 3980 616 4061 praedicat,
632 3980 686 4043 sed
707 3981 746 4044 ab
764 3980 939 4044 Haereticis
962 3986 995 4043 et
1011 4002 1030 4042 a
1048 3978 1209 4043 Graeculis
1230 3979 1453 4063 posterioribus

414 4091 435 4119 “
450 4081 564 4145 alicubi
578 4082 780 4167 interpolatas
802 4090 835 4147 et
850 4084 1032 4167 depravatas
1047 4083 1195 4147 fatetur.”

249 4204 389 4318 mophim,
460 4185 614 4269 Georgius
645 4186 827 4250 Douuamus
859 4193 980 4249 nostras
989 4187 1008 4263 ἱ,
1038 4186 1096 4248 Vir
1125 4186 1333 4264 doctissimae,
1363 4209 1455 4270 saepe

290 4284 300 4318 1
322 4285 359 4321 20.

448 4374 460 4402 1
476 4365 566 4414 Nescio
578 4366 643 4414 unde
654 4366 723 4414 haec.
745 4366 856 4415 Eandem
869 4382 928 4414 vero
939 4366 1087 4413 sententiam
1099 4366 1207 4414 breviter
1217 4365 1261 4412 dat
1274 4365 1416 4412 Perkinsius
1428 4365 1455 4413 in

417 4447 575 4497 'Resonnato
587 4449 721 4497 Catholico'
729 4465 773 4497 suo
785 4466 861 4513 prope
873 4449 955 4509 tinem,
967 4448 1044 4496 fusius
1055 4449 1081 4496 in
1093 4448 1280 4506 ‘problemate‘
1293 4449 1384 4512 Oppii
1396 4463 1452 4510 490.

414 4530 598 4580 OHURTON.

448 4614 459 4647 ¹¹
477 4615 592 4662 Latinam
604 4614 722 4662 Vairleuii
735 4614 964 4677 interpretationem
981 4613 1121 4661 emendavit
1133 4620 1159 4661 et
1169 4613 1309 4677 supplevit;
1326 4621 1402 4677 atque
1419 4614 1455 4661 in-

415 4712 490 4759 super
500 4703 554 4744 tum
566 4698 624 4752 suis,
637 4702 692 4744 tum
703 4696 808 4755 Marelii,
823 4696 953 4755 Vaiclenii,
971 4701 997 4744 et
1007 4696 1075 4744 Billii
1092 4697 1117 4743 iu
1133 4696 1261 4759 ignatium
1274 4697 1455 4744 Observatioui·

415 4781 462 4827 bus
478 4778 550 4827 simul
570 4779 672 4836 collatis,
697 4778 857 4840 amplioribus
880 4779 955 4826 Notis
977 4778 1118 4826 illustravit.
1155 4781 1241 4842 Atque
1260 4778 1334 4841 hujus
1351 4779 1456 4827 Graeco·

419 4863 522 4910 Latinus
535 4861 655 4924 lgnatius,
667 4870 693 4909 et
704 4861 837 4924 separatim
849 4877 914 4908 anno
929 4862 997 4920 1608,
1007 4861 1066 4908 etin
1076 4860 1244 4909 Bibliothecae
1253 4862 1356 4909 Patrum
1368 4867 1436 4908 toruo
1448 4862 1456 4908 i

417 4944 620 5004 Gracco-Latino,
634 4959 673 4990 an.
687 4943 746 5002 1624
760 4943 861 4991 Parisiis
873 4943 977 4991 habetur
987 4943 1077 4991 editus.
1096 4943 1214 4992 USSER.

451 5024 457 5061 i
470 5026 617 5073 t'oncionem
628 5041 697 5072 suain
706 5025 816 5072 habitam
829 5026 853 5072 in
863 5024 1053 5073 Consecratione
1061 5026 1114 5073 Jac.
1125 5025 1271 5088 Montague‚
1283 5044 1303 5073 a.
1315 5027 1381 5075 roos.
1387 5027 1456 5088 justo
