3250 6617
369 1076 435 1140 xxii
735 1075 794 1140 DE
819 1078 852 1140 S.
876 1078 1055 1142 IGNATII

369 1238 483 1316 spuriae
496 1239 577 1313 aliae,
591 1240 801 1318 antiquioribus
818 1241 1006 1318 scriptoribus
1018 1241 1153 1318 ignotae:
1175 1240 1283 1300 Graece
1298 1239 1422 1317 quidem

370 1337 505 1416 quinque,
523 1349 554 1395 10
566 1338 603 1396 ad
617 1338 740 1397 Mariam
755 1339 990 1398 Castabalitidem
1009 1340 1069 1398 sive
1085 1339 1307 1416 Neapolitanam
1325 1358 1422 1416 prope

371 1436 495 1494 Zarbum
504 1435 635 1515 (Ciliciae
648 1437 718 1496 haec
728 1436 836 1515 oppida
849 1437 929 1514 sunt)
938 1437 1020 1514 cujus
1033 1445 1063 1497 et
1076 1436 1166 1514 ipsius
1177 1436 1286 1496 Mariae
1300 1436 1422 1496 nomine

373 1534 504 1612 Epistola
513 1535 550 1592 ed
561 1534 710 1612 Ignatium
719 1534 820 1608 fertur,
829 1535 933 1595 Latine
942 1535 1069 1612 primum
1082 1536 1119 1593 ab
1129 1534 1256 1605 Usserio,
1267 1542 1297 1594 et
1307 1535 1422 1594 Graece

371 1634 409 1691 ab
430 1634 466 1692 ‚la
483 1633 584 1692 Vossio
605 1633 690 1706 edita,
715 1645 746 1690 2⁰
765 1634 802 1691 ed
823 1633 984 1706 Tarsenses,
1001 1646 1034 1709 3⁰
1053 1634 1090 1692 ad
1108 1633 1311 1703 Antiochenos,
1327 1644 1362 1707 4⁰
1381 1632 1422 1691 ad

374 1732 529 1805 Heronem,
547 1732 708 1791 Diaconum
728 1731 950 1805 Antiochenam,
972 1740 1003 1792 et
1024 1743 1057 1807 50
1074 1732 1112 1790 ad
1133 1732 1337 1810 Philippenses,
1358 1735 1421 1806 erpi

373 1834 559 1903 amram.
582 1828 808 1889 rhammus.
1075 1811 1078 1817 ’

414 1929 479 2007 Ego
492 1929 609 2007 quidem
622 1928 753 1988 ordinem
767 1928 894 2000 Eusebii,
909 1928 948 1986 H.
968 1928 1000 1986 E.
1018 1928 1050 1985 iii
1065 1929 1112 2003 36,
1127 1935 1241 1987 secutus
1254 1947 1325 1985 sunu

414 2026 558 2104 ‘proprie
579 2027 622 2086 ad
641 2023 851 2107 Polycarpum]
880 2026 959 2084 Hinc
980 2027 1080 2104 liquet,
1102 2027 1245 2086 Jacobum
1266 2026 1421 2085 Umerium

373 2146 477 2198 errare,
492 2126 561 2183 dum
576 2125 725 2202 Ignatium
745 2124 864 2183 seorsim
882 2125 919 2182 ad
934 2124 1125 2202 Polycarpum
1145 2123 1290 2201 scripsisse
1309 2131 1420 2202 negat;

373 2231 460 2301 alque
475 2221 635 2299 Epistolam
653 2221 691 2279 ad
710 2221 908 2299 Polycarpum,
923 2222 1004 2298 cujus
1019 2222 1160 2281 Eusebius
1179 2229 1208 2280 et
1223 2222 1422 2299 Hieronymus

374 2321 575 2386 meminerunt,
598 2320 718 2378 eandem
738 2319 808 2379 facit
830 2339 895 2377 cum
918 2319 1047 2397 Epistola
1068 2320 1106 2378 ad
1128 2321 1315 2398 Smyrnaeos;
1337 2319 1422 2377 illam

373 2441 451 2487 vero,
466 2439 539 2497 quae
558 2418 643 2477 hodie
663 2419 701 2476 ab
722 2417 838 2496 Ignatio
858 2418 895 2475 ed
916 2417 1106 2496 Polycarpum
1126 2418 1194 2478 data
1213 2417 1422 2491 circumfertur,

373 2517 469 2595 rejicit
492 2515 568 2575 inter
591 2515 710 2593 spurias.
757 2514 834 2572 Nam
857 2523 909 2573 aut
932 2535 983 2573 sex
1007 2516 1117 2595 priores
1141 2516 1225 2574 simul
1249 2514 1423 2592 rejiciendae

373 2625 450 2688 suut,
464 2623 515 2675 aut
535 2615 603 2674 haec
624 2634 689 2673 cum
712 2613 769 2671 illis
790 2613 950 2672 retinenda.
993 2614 1108 2673 Diserte
1128 2614 1275 2686 Eusebius,
1294 2616 1364 2672 lotar
1382 2619 1424 2691 ress

374 2718 537 2790 Πολυκάρπῳ
557 2718 649 2785 ὁμιλεῖ,
663 2713 740 2789 quod
761 2711 935 2770 adverbum
954 2712 1051 2771 reddit
1069 2713 1283 2790 Hieronymus:
1300 2711 1424 2789 propris

373 2814 416 2873 acl
427 2812 631 2887 Polycarpum.
653 2810 685 2868 E.
703 2810 731 2868 S.
748 2809 992 2869 CYPRIANUS.

416 2910 459 2969 cf.
480 2910 612 2967 Pearson.
636 2907 665 2965 in
687 2908 837 2967 Prooemio
851 2908 1058 2981 Vindiciarum,
1073 2929 1100 2986 p.
1116 2928 1160 2967 21.
1180 2911 1265 2984 1672,
1280 2929 1307 2986 p.
1321 2924 1360 2981 50
1374 2909 1421 2967 ed.

374 3008 514 3068 Charton.

416 3120 430 3157 8
450 3109 485 3166 io
497 3103 568 3187 quo]
595 3106 671 3165 Male
691 3106 732 3165 ait
751 3105 823 3165 haec
839 3106 869 3163 in
885 3105 1015 3182 Epistola
1032 3106 1069 3164 ad
1083 3106 1272 3184 Polycarpum
1291 3104 1423 3181 reperiri,

376 3225 464 3283 quum
486 3202 738 3281 deprehenduntur
760 3203 790 3261 in
813 3203 944 3280 Epistola
966 3203 1003 3261 ad
1024 3204 1204 3280 Smyrnaeos,
1228 3200 1256 3284 [t
1273 3198 1304 3282 3]
1328 3209 1363 3260 ut
1383 3221 1425 3260 ex

375 3302 500 3362 Eusebio
518 3309 657 3361 notatum
681 3301 714 3358 E.
731 3301 759 3359 S.
777 3300 1020 3360 CYPRIANUS.
1064 3302 1181 3367 Locum,
1195 3301 1220 3359 si
1234 3299 1319 3359 modo
1332 3300 1426 3358 verba

374 3411 401 3460 et
412 3401 531 3478 proprie
544 3445 643 3458 .....
659 3398 879 3457 Antiochenam
892 3400 1037 3457 ecolesimo
1050 3398 1212 3476 parenthesi
1229 3397 1423 3471 includantur,

374 3499 520 3558 emendari
533 3517 616 3574 posse
629 3497 787 3557 arbitratur
800 3497 958 3556 Fabricius

415 3594 431 3639 ¹¹
445 3618 465 3655 o
475 3594 529 3677 mc]
545 3597 712 3656 Notandum
724 3596 754 3653 in
765 3595 876 3654 Graeco
887 3595 984 3654 deesse
995 3613 1078 3653 voces
1088 3595 1129 3650 ὑπ’
1141 3575 1210 3665 ἐμοῦ.
1225 3591 1422 3653 VALLARS.

375 3695 412 3753 In
427 3716 486 3773 cap.
501 3695 523 3754 ii
536 3696 653 3774 hujusce
666 3695 703 3754 de
716 3693 794 3753 Viris
808 3695 976 3754 Illustribus
989 3693 1065 3765 libri,
1081 3692 1284 3768 Hieronymus,
1299 3696 1315 3723 “
1327 3691 1424 3750 Evan-

376 3799 393 3826 “
406 3793 512 3872 geliurn
532 3813 645 3872 quoque
663 3794 740 3871 quod
761 3793 924 3870 appellatur
944 3791 1102 3851 secundum
1117 3790 1273 3863 Hebraeos,
1288 3796 1317 3849 et
1337 3809 1355 3847 a
1374 3809 1425 3849 me

377 3898 497 3971 “nuper
512 3894 543 3952 in
557 3894 699 3954 Graccum
714 3894 908 3970 Latinumque
926 3911 1089 3950 sermonem
1107 3888 1279 3948 translatum
1297 3893 1349 3959 est,
1363 3908 1425 3964 quo

376 3997 393 4026 ‘⁴
406 4000 436 4052 et
450 3992 588 4070 Origenes
601 4013 685 4069 saepe
698 3992 819 4051 utitur.'’

416 4089 423 4134 ¹
450 4088 529 4172 Vidi]
558 4090 730 4167 Hieronymi
751 4088 908 4148 auctoritas
928 4088 959 4146 in
980 4106 1108 4146 errorem
1124 4083 1240 4142 induxit
1257 4103 1315 4141 non
1328 4082 1426 4142 solum

376 4190 525 4266 antiquum
542 4189 626 4247 illum
645 4187 754 4264 Ignatii
769 4188 972 4263 Interpretem,
987 4194 1018 4245 et
1031 4185 1113 4252 alios,
1129 4183 1178 4261 qui
1193 4203 1229 4242 ex
1242 4181 1296 4240 hoc
1309 4182 1373 4240 loco
1386 4181 1426 4241 de

377 4288 484 4365 Ignatii
504 4296 598 4347 aetate
615 4285 757 4364 judicium
771 4285 921 4344 serendum
934 4291 1083 4362 putarunt,
1096 4302 1198 4340 verum
1218 4281 1307 4340 etiem
1326 4299 1426 4338 recen-

377 4386 519 4446 tissimum
538 4385 793 4461 doctissimumque
810 4383 1030 4461 Hieronymiani
1052 4381 1185 4459 Catalogi
1206 4380 1365 4448 Editorem,
1386 4378 1424 4437 cl.

378 4485 563 4562 cyprianum,
585 4483 643 4561 qui,
667 4482 698 4540 in
721 4481 798 4541 notis
821 4482 881 4540 suis
901 4502 928 4559 p.
945 4501 1011 4553 244,
1036 4478 1196 4552 contendit,
1220 4477 1336 4536 omnino
1359 4476 1427 4536 istis

378 4581 473 4639 verbis
493 4582 601 4641 dictum
626 4581 700 4640 velle
721 4580 869 4659 Ignatium
893 4580 953 4639 suis
977 4586 1069 4639 semet
1091 4578 1189 4656 ipsum
1209 4577 1299 4636 oculis
1319 4575 1428 4635 vidisse

379 4677 535 4751 Christum,
562 4679 723 4755 resutatspuc
753 4679 784 4737 B.
815 4679 948 4755 Ittipium
977 4699 1057 4737 accus
1083 4677 1265 4737 sentientem.
1312 4675 1424 4734 Verum

379 4776 495 4833 omuino
518 4796 586 4834 vera
609 4784 652 4834 eat
675 4775 766 4851 lttigii
789 4777 938 4848 scrutentia,
963 4786 994 4836 et
1019 4776 1125 4835 Valcsii
1151 4776 1280 4834 versione
1305 4774 1426 4834 Eusebii

381 4875 419 4932 ll.
437 4874 469 4931 E.
484 4873 516 4931 lii
531 4875 568 4948 36
583 4875 775 4932 constristatur.
817 4877 885 4949 Ἐγὼ
904 4878 931 4932 di
952 4881 992 4932 rol
1010 4879 1073 4948 μετὰ
1092 4878 1138 4946 τὴν
1150 4876 1293 4931 ἀνάστασιν
1306 4875 1333 4929 ἐν
1348 4878 1426 4947 σαρκὶ

379 4975 456 5028 αὐτὸν
468 4968 524 5028 cibo
544 4973 585 5026 καὶ
604 4972 716 5028 πιστεύω
737 4974 804 5031 ὄντα.
847 4974 911 5048 Epo
924 4994 989 5031 acro
996 4983 1061 5050 post
1075 4972 1310 5030 rcaurrectr'onem
1321 4971 1424 5028 Domi·

381 5070 570 5144 asscriptum
590 5068 623 5124 iu
643 5090 728 5126 moriac
748 5072 918 5147 camaracinse
938 5072 995 5129 scio
1016 5080 1041 5127 et
1062 5070 1151 5128 cre-«lo.
1196 5069 1238 5127 Cl.
1263 5068 1427 5145 Cyprianus

382 5187 449 5224 vcro
459 5166 545 5241 juxta
559 5185 621 5223 curu
637 5165 699 5223 aliia
713 5186 730 5223 a
745 5177 822 5225 rasta
838 5169 988 5226 verborum
1004 5167 1216 5227 constructione
1231 5167 1333 5224 abiisse
1347 5166 1426 5224 vidc-
