3250 6617
598 1057 659 1119 ΑΙ)
682 1055 1008 1136 commulcat
1273 1062 1333 1123 lat

283 1219 381 1299 ritas
398 1253 467 1300 nos
487 1228 566 1301 Deo
584 1228 804 1329 agglutinat,
822 1230 979 1305 charitas
996 1243 1225 1331 peccatorum
1243 1232 1334 1305 mul-
1353 1250 1430 1300 1Pa.
1442 1253 1500 1300 iva.

277 1334 493 1417 titudinem
528 1345 633 1444 tegit,
666 1346 824 1421 charitas
859 1351 979 1422 omnia
1012 1350 1180 1435 sustinet,
1215 1350 1336 1423 omnia
1352 1316 1490 1442 §.Ciieff

270 1460 479 1545 patienter
512 1460 675 1551 tolerat3
722 1463 813 1537 nihil
851 1464 1038 1540 sordidum
1076 1467 1114 1539 in
1147 1466 1334 1552 charitate,
1349 1463 1366 1494 ⁹
1382 1462 1419 1496 ²⁰·

267 1569 379 1650 nihil
405 1578 633 1676 superbum;
660 1579 817 1653 charitas
840 1608 912 1654 non
938 1582 1050 1657 habet
1072 1582 1236 1670 schisma,
1253 1583 1334 1657 cha-

264 1696 379 1766 ntas
414 1694 634 1769 seditionem
668 1723 740 1769 non
773 1708 907 1785 movet,
946 1699 1102 1772 charitas
1137 1701 1259 1773 omnia
1296 1702 1334 1773 in

259 1809 482 1884 eoncordia
506 1809 605 1897 facit,
621 1812 659 1883 in
684 1812 862 1887 charitate
888 1841 1012 1887 onmes
1029 1816 1101 1888 Dei
1124 1816 1229 1889 electi
1256 1844 1334 1915 per-

257 1910 375 2001 fecti
412 1938 503 2001 sunt
533 1927 630 2015 facti,
657 1929 735 2002 sine
764 1928 942 2003 charitate
972 1929 1063 2002 nihil
1099 1931 1177 2003 Deo
1211 1958 1333 2031 accep-

254 2035 368 2117 t[un
402 2054 470 2118 est.
524 2044 570 2117 In
596 2045 774 2120 charitate
798 2074 865 2120 nos
886 2047 1067 2120 Dominus
1097 2047 1166 2120 sibi
1196 2075 1333 2121 assaun-

248 2149 357 2233 Sit:
401 2169 553 2258 propter
579 2160 796 2236 charitatem
829 2189 940 2261 quam
975 2191 1061 2263 erga
1095 2191 1160 2237 nos
1193 2164 1333 2250 habuit,
1346 2184 1439 2232 tonan.
1452 2184 1479 2231 ai

248 2256 476 2349 Dominus
517 2286 642 2351 noster
674 2278 699 2352 J
702 2305 785 2352 esus
828 2280 998 2354 Christus
1037 2279 1228 2353 voluntate
1263 2280 1334 2354 Dei
1350 2250 1490 2362 idolii&

243 2392 508 2492 Sanguinem
526 2419 635 2466 suum
653 2420 722 2493 ⁴pro
745 2395 849 2469 nobis
875 2396 988 2482 dedit,
1007 2406 1045 2469 et
1061 2423 1205 2470 carnem
1231 2423 1332 2469 suam
1348 2381 1372 2426 a
1385 2394 1408 2444 9·

240 2518 349 2596 Pro
388 2535 498 2582 carne
525 2519 659 2594 nostra,
690 2520 728 2583 et
758 2512 916 2584 animam
950 2539 1013 2610 pro
1048 2511 1238 2584 animabus
1272 2540 1334 2585 no-

241 2627 386 2701 saris.

332 2741 379 2813 L.
409 2740 569 2826 Videtis,
598 2743 730 2830 dilecti,
757 2770 867 2843 quarn
894 2771 1029 2843 magna
1058 2755 1096 2818 et
1123 2745 1335 2819 admiranda

247 2859 333 2932 sit
371 2857 544 2944 charitas,
579 2871 617 2933 et
650 2860 748 2958 quod
787 2860 1019 2960 perfectionis
1059 2862 1137 2959 ejus
1172 2889 1244 2934 non
1278 2874 1335 2935 est

252 2976 483 3050 enarratio.
536 2975 628 3068 Quis
645 2987 702 3050 est
719 2977 871 3051 idoneus
891 2977 990 3050 utin
1013 2978 1093 3076 ipsa
1116 2979 1334 3064 inveniatur,

259 3103 439 3191 praeter
473 3120 654 3192 eosquos
685 3094 787 3167 Deus
821 3093 950 3193 dignos
978 3121 1055 3168 esse
1083 3095 1333 3193 judicaverit?

265 3211 450 3285 Oremus
468 3210 583 3309 igitur
600 3220 638 3284 et
655 3211 822 3310 precibus
847 3221 1015 3310 petamus
1040 3211 1086 3284 ab
1111 3211 1209 3285 illius
1229 3214 1334 3285 mise·
1406 3215 1413 3228 “

278 3452 390 3503 noster
404 3442 486 3501 dedit
499 3446 544 3513 τὴν
555 3445 645 3516 ψυχὴν
657 3443 698 3499 καὶ
711 3447 793 3516 σάρκα
836 3442 951 3501 exhibet
961 3451 1142 3513 ΑΠΑΞΙΩΣΗ,
1154 3463 1237 3500 sensu
1252 3443 1334 3517 plane

278 3530 381 3582 ἑαυτοῦ
398 3526 564 3598 ἀντάλλαγμα
583 3529 627 3595 τῆς
647 3528 735 3597 ψυχῆς
754 3528 795 3580 καὶ
835 3524 964 3582 absurdo.

283 3611 333 3678 τῆς
364 3610 463 3679 σαρκὸς
496 3607 572 3677 ἡμῶν,
599 3605 677 3682 quod
710 3605 794 3682 plane
879 3620 922 3680 17.
948 3602 1012 3684 ἀπ[ὸ
1033 3611 1078 3660 τοῦ
1102 3601 1207 3683 ἕλε’]ους
1231 3606 1330 3677 aitrau]

288 3687 398 3747 evertit
419 3686 540 3763 impium
561 3686 658 3744 Socini
680 3686 793 3763 dogma,
836 3686 935 3745 Codex
970 3687 1071 3744 ltlStus
1100 3686 1218 3761 praebet
1246 3695 1333 3739 ΑΙΤΩ-

289 3769 395 3828 Jesum
417 3768 564 3827 Christum
589 3788 647 3826 non
674 3768 792 3845 praesti·
835 3779 977 3824 ΜΕΘΑΑΠ
991 3812 1074 3825 ,,,,,
1086 3776 1147 3821 ora
1167 3773 1196 3824 et
1209 3766 1334 3841 spatium

290 3851 360 3910 tissa
382 3849 605 3909 satisfactionem
627 3849 740 3927 plenam
764 3856 794 3907 et
835 3850 948 3908 circiter
973 3869 1023 3907 sex
1050 3847 1206 3906 literarum.
1260 3846 1334 3904 Con-

291 3932 428 3990 vicerim
443 3952 450 3989 :
471 3950 523 3990 nec
544 3952 601 3990 non
620 3930 794 4008 Apollinaris
831 3931 974 4007 jecturam
988 3929 1081 3994 Millii,
1096 3935 1250 4006 praecunte
1268 3928 1334 3986 Gal-

292 4014 407 4091 dogmn,
422 4032 488 4071 eum
504 4033 562 4070 non
581 4012 713 4071 habuisse
733 4012 795 4070 ani-
834 4013 939 4082 landio,
973 4011 1084 4083 admisi,
1118 4031 1171 4088 pro
1212 4010 1334 4067 lectione

293 4115 370 4153 mam
392 4094 569 4166 rationalem,
588 4114 676 4172 quum
700 4094 794 4152 locum
836 4094 963 4152 Juniana
988 4095 1112 4160 αἰτώμεθα
1137 4091 1211 4166 [εἶναι
1231 4088 1334 4170 teilone

293 4178 355 4253 ejus
382 4176 559 4253 suppleverit
586 4182 601 4232 ὁ
628 4180 726 4249 λόγου
762 4183 795 4234 ut
835 4178 919 4247 αὐτοῦ,
939 4195 1024 4251 quam
1046 4174 1182 4233 exhibent
1201 4173 1334 4230 Editores

293 4258 370 4316 enim
383 4259 493 4316 animas
507 4263 618 4316 nostras
631 4257 793 4329 redimeret,
834 4257 937 4315 caeteri
971 4264 1085 4333 praeter
1111 4255 1200 4313 Wott.
1239 4253 1331 4311 Hefcl.

293 4339 373 4400 dedit
396 4341 521 4397 animam
542 4359 632 4412 suam,
654 4338 672 4395 i.
695 4358 719 4397 e.
742 4338 794 4396 hu·
835 4336 1235 4414 Reithmayr.etDressolium.
1252 4334 1333 4392 Wot-

293 4441 424 4492 manam3
440 4441 530 4499 quum
538 4420 686 4479 aliternon
695 4419 795 4479 fuisset
834 4426 928 4489 tonus,
939 4419 1063 4477 Millium
1075 4425 1207 4476 conatum
1219 4436 1278 4474 esse
1293 4416 1334 4472 la·

294 4503 442 4581 proprium
452 4502 622 4561 sacrificium
635 4522 687 4577 pro
701 4501 796 4560 anima
835 4521 938 4559 cunam
952 4501 1084 4578 supplere
1098 4498 1216 4567 nescius,
1230 4497 1333 4556 statuit

294 4584 424 4643 humana
440 4583 562 4642 WOTT.
606 4584 721 4657 Quanto
735 4603 794 4641 rec·
835 4589 986 4659 syntaxeos
1013 4581 1154 4639 rationem
1189 4579 1332 4656 postulare

293 4666 351 4725 tius
378 4665 425 4724 hic
452 4685 538 4743 quam
563 4665 793 4736 Hornemannus,
834 4664 1027 4722 accusativum
1055 4662 1179 4738 aliquem
1207 4679 1331 4717 commo-

293 4748 342 4825 qui
371 4747 401 4805 in
428 4747 474 4806 his
500 4746 594 4805 verbis
621 4746 691 4803 nihil
719 4746 793 4804 vidit
833 4745 903 4802 dum
913 4752 979 4821 post
987 4746 1111 4814 atrdprda
1118 4762 1126 4814 5
1141 4742 1333 4817 conjecturam

294 4837 429 4907 ‘praeter
445 4828 594 4887 flosculum
607 4826 764 4886 oratorium
777 4827 792 4885 !’
832 4833 929 4885 tamen
944 4824 1089 4882 Milliauae
1102 4822 1276 4881 simillimam
1290 4822 1330 4879 la·

337 4913 382 4969 16.
399 4912 556 4986 καταξιώσῃ]
581 4911 628 4968 Ita
640 4909 727 4967 tacite
740 4909 792 4966 Ju-
833 4908 881 4980 cit,
901 4910 952 4965 ἀπὸ
979 4908 1073 4977 ἐλέους,
1093 4925 1178 4982 quam
1202 4904 1263 4981 ipse
1282 4904 1332 4962 vix

293 4993 365 5063 nius,
379 5012 466 5070 quern
486 5012 598 5050 summo
612 5010 750 5049 consensu
764 4998 794 5049 et
835 4989 973 5048 Graecam
1000 4993 1104 5058 censet,
1128 5006 1214 5063 quam
1242 4984 1332 5044 Cleri·

292 5075 402 5153 optimo
415 5074 532 5151 quidem
542 5074 607 5151 jure
623 5072 712 5131 secati
726 5080 794 5130 sunt
834 5091 883 5129 cus
897 5070 976 5148 quasi
990 5069 1026 5127 de
1040 5088 1092 5126 suo
1105 5068 1218 5145 promit.
1245 5067 1330 5125 Davi-

292 5156 427 5215 Editores
440 5176 545 5215 omnes.
579 5155 677 5214 Codex
693 5153 794 5212 hlStus
834 5154 867 5210 sii
889 5152 1022 5220 medelae,
1039 5152 1163 5222 atrtprta
1183 5150 1330 5222 ἁγιασμούς,

336 5273 405 5317 ron.
423 5273 445 5315 1.
885 5249 940 5311 ab
