3250 6617
404 1077 469 1144 186
767 1078 800 1141 S.
824 1077 1080 1142 CLEMENTIS

402 1259 479 1337 πῶς
512 1251 797 1352 ὑποτεταγμένως
832 1253 1061 1360 &scarpum
1088 1249 1135 1331 τὰ
1163 1246 1439 1349 διατασσόμενα.

404 1382 463 1461 Οὐ
489 1376 642 1485 τάντ[ες]
662 1381 751 1459 εἰσὶν
768 1379 928 1484 ἔπαρχοι,
950 1378 1028 1460 οὐδὲ
1055 1378 1246 1486 χιλίαρχοι,
1267 1375 1347 1458 οὐδὲ
1363 1378 1442 1456 ἔκα-

403 1505 602 1611 τόνταρχοι,
631 1503 709 1584 οὐδὲ
745 1505 1054 1613 πειτηκόνταρχοι,
1088 1503 1166 1587 οὐδὲ
1201 1504 1243 1586 τὸ
1280 1502 1441 1609 καθεξῆς·

404 1633 489 1712 ἄλλ’
510 1631 659 1718 ἕκαστος
684 1634 721 1713 ἐν
745 1637 797 1741 τῷ
824 1635 900 1741 ἰδίῳ
926 1632 1081 1737 τάγματι
1110 1633 1156 1715 τὰ
1181 1631 1445 1734 ἐπιτασσόμενα

405 1757 474 1841 ὑπὸ
493 1768 556 1839 τοῦ
582 1760 761 1853 βασιλέως
785 1764 843 1840 καὶ
867 1767 938 1840 τῶν
960 1762 1165 1862 ἡγουμένων
1181 1764 1341 1842 ἐπιτελεῖ.
1395 1763 1471 1849 Οἱ5
1543 1820 1550 1832 .

404 1884 555 1989 μεγάλοι
583 1887 665 1993 δίχα
691 1893 762 1967 τῶν
786 1894 921 1991 μικρῶν
939 1890 981 1968 οὐ
1003 1888 1168 1970 δύνανται
1193 1885 1291 1986 εἶναι,
1307 1890 1387 1969 οὔτε
1413 1891 1445 1966 οὶ

405 2018 522 2118 μικροὶ
554 2017 637 2119 δίχα
668 2021 740 2095 τῶν
769 2013 950 2117 μεγάλων·
980 2015 1184 2120 ούγκρασίς
1207 2051 1260 2103 τις
1286 2017 1386 2096 ἐστὶν
1409 2015 1445 2094 ἐν

346 2183 354 2193 ·
406 2149 508 2238 πᾶσι,
540 2143 597 2220 καὶ
628 2143 666 2221 ἐν
696 2139 833 2228 τούτοις
860 2147 1000 2294 χρῆσις.
1062 2143 1240 2245 Λάβωμεν
1268 2141 1310 2224 τὸ
1339 2148 1446 2243 σῶμα

373 2270 517 2369 ·ἡμῶν·
548 2266 729 2376 ἡκεφαλὴ
755 2271 911 2375 δι’χα
862 2306 935 2350 των
952 2275 1074 2351 ποδῶν
1092 2271 1223 2352 οὐδεν’
1205 2306 1316 2369 εστιν,
1338 2272 1446 2356 οὕτως

378 2393 547 2474 Qotti
517 2427 549 2472 οι
579 2392 684 2478 πόδες
715 2393 871 2499 δι’χα
827 2429 891 2493 της
922 2400 1094 2503 κεφαλῆς·
1132 2393 1238 2476 τᾶδέ
1270 2393 1551 2502 ebuxwro1==

366 2521 500 2622 μέλη
532 2530 595 2602 τοῦ
625 2520 793 2677 σώματος
830 2523 930 2622 ἡμῶν
961 2526 1138 2626 ἀναγκαῖα
1174 2525 1233 2603 καὶ
1267 2519 1448 2629 εὔχρηστα

407 2654 497 2729 εἰσιν
529 2649 604 2758 ολιρ
640 2652 691 2756 τῷ
719 2649 870 2749 σώματι
913 2649 1013 2731 ἀλλὰ
1048 2649 1167 2732 πάντα
1202 2657 1361 2748 σνιητνεΐ,
1390 2652 1447 2730 καὶ

408 2939 465 2984 σω
518 2966 526 2983 .

245 3051 251 3063 ’
292 3050 298 3062 ’
354 3076 374 3127 ..·
464 2939 563 3112 llili·
607 3030 781 3133 Σωζέσθω
818 3033 881 3112 οὖν
916 3033 1017 3133 ἡμῶν
1047 3033 1160 3140 illoc]
1193 3032 1236 3115 τὸ
1272 3039 1383 3134 σῶμα
1410 3034 1448 3112 ἐν
1461 3052 1545 3121 ¹5

410 3303 502 3362 Millio
508 3302 679 3380 jamdudum
689 3303 817 3380 probata,
825 3322 911 3380 quam
988 3324 1014 3379 3.
1041 3304 1264 3379 πεηηκόπαρχα]
1290 3301 1448 3363 Ootelerius

409 3385 532 3463 margini
552 3384 700 3462 adponunt
720 3385 833 3454 Jnnius,
848 3384 912 3442 Fcl-
945 3385 1042 3456 vertit,
1073 3385 1290 3460 quinquaqinta
1321 3384 1449 3443 utilitum

410 3468 461 3540 lus,
475 3475 504 3525 et
519 3466 703 3540 colomanus,
713 3466 782 3544 quin
793 3485 861 3523 vera
872 3466 912 3525 sit
942 3468 1086 3543 praesceti
1129 3466 1339 3543 simpliciorem
1361 3465 1448 3525 intu-

409 3549 541 3626 equidem
551 3549 645 3608 nullus
657 3549 757 3607 dubito
768 3568 777 3621 3
790 3547 912 3625 legimus
947 3548 1137 3626 pretationem
1169 3547 1395 3619 Wottonianam,
1431 3567 1449 3604 a

832 3659 846 3706 1
948 3629 1116 3689 Constantio
1126 3628 1292 3700 exhibitam,
1300 3628 1450 3688 confirmat

410 3712 487 3772 enim
507 3712 538 3770 in
554 3712 659 3771 Codice
673 3711 759 3770 Msto
773 3720 910 3769 ΕΥΕΚΤΩ.
948 3710 1115 3770 Gallandins
1149 3730 1186 3769 ex
1217 3708 1304 3788 Vulg.
1340 3710 1447 3788 Interp.

411 3796 602 3871 Pergamenae
634 3794 770 3870 reliquiae
804 3792 913 3851 lacerae
949 3792 1040 3850 Exocl
1056 3791 1126 3849 xviii
1143 3810 1188 3862 21,
1205 3805 1251 3866 25,
1272 3791 1360 3851 Deut
1377 3791 1389 3850 i
1406 3808 1447 3865 15.

410 3877 522 3934 literam
539 3876 591 3934 ult'
571 3885 670 3934 umam
685 3885 707 3930 Ω
721 3881 835 3933 tentum
855 3894 913 3932 non
948 3873 1059 3932 Eodem
1078 3835 1216 3932 vocabilo
1236 3872 1332 3932 utitur
1348 3872 1450 3933 Hiero·

410 3958 553 4034 integram
573 3957 665 4014 adhuc
688 3956 843 4014 exhibent:
878 3954 912 4012 li·
948 3975 1058 4032 nymua,
1084 3953 1225 4014 Comm.
1216 3974 1248 4013 rn
1269 3953 1391 4013 ΕΑΓ
1372 3954 1448 4028 nis,

410 4039 530 4111 bromus,
541 4046 574 4096 ut
581 4038 702 4109 vrdetur
717 4058 771 4114 pro
784 4047 805 4093 Υ
819 4036 913 4113 primo
949 4036 1022 4114 Opp.
1038 4045 1107 4096 tom.
1123 4036 1192 4114 ivp.
1210 4055 1258 4111 49,
1272 4036 1315 4095 etl
1328 4033 1448 4094 Vallata

410 4121 561 4197 scripserat
595 4129 615 4192 1,
642 4119 751 4195 syllaba
781 4118 913 4195 proxime
949 4119 1122 4191 ‘Quomodo
1143 4117 1332 4178 Centuriones
1347 4137 1449 4177 vocan-

410 4208 546 4279 scquente
566 4210 601 4256 El
622 4201 684 4276 ejus
703 4201 793 4259 monti
813 4200 913 4258 obver-
948 4205 1026 4272 ‘tnr‚
1041 4200 1091 4278 qui
1110 4207 1226 4259 centum
1245 4207 1383 4277 praeeunt
1398 4198 1449 4257 mi·

410 4290 510 4355 sante3
531 4289 561 4341 et
581 4281 694 4340 literam
715 4292 725 4336 1
747 4301 784 4340 ex
803 4280 913 4339 incuria
947 4281 1075 4348 ‘litibus
1089 4289 1119 4341 et
1136 4281 1299 4354 chiliarchi,
1317 4280 1368 4358 qni
1388 4280 1449 4339 mil·

410 4363 640 4442 praetermissam
680 4383 766 4440 supra
807 4362 912 4421 lineam
948 4363 996 4421 ‘le
997 4406 1094 4429 .....
1111 4362 1151 4422 sic
1171 4363 1202 4420 in
1222 4362 1382 4422 Israelitico
1401 4381 1449 4420 ex-

410 4453 510 4524 postea
529 4445 669 4523 adpinxit.
713 4445 784 4503 Edd.
805 4463 912 4517 omnes,
948 4445 1060 4503 ‘eroitn
1088 4444 1342 4520 Quiaquoqenon‘i
1368 4462 1449 4503 roca·

410 4529 434 4586 si
479 4527 633 4600 Helelium,
667 4527 843 4602 Reitbmayr.
883 4533 913 4585 et
948 4526 1075 4585 ‘bantur
1101 4526 1151 4603 qui
1177 4525 1208 4583 in
1241 4525 1335 4603 capite
1369 4531 1449 4584 erant

411 4609 588 4668 Dresselinm
598 4609 729 4686 excipies,
740 4607 861 4666 Junium
871 4627 913 4665 se-
948 4607 1177 4685 ‘quinqnaginta
1192 4605 1335 4666 militum'
1348 4650 1446 4665 .....

411 4692 478 4764 cuti,
493 4691 631 4768 praebent
647 4694 784 4757 εὐεκταῶς,
799 4708 913 4764 corpore
947 4708 1057 4747 necnon
1074 4708 1091 4747 e
1108 4688 1296 4766 scriptoribus
1316 4686 1447 4760 clamicis,

410 4774 476 4831 boae
503 4772 606 4836 liobito.
634 4772 763 4847 impiprc,
791 4780 912 4841 atrebate,
947 4770 1048 4835 Varro,
1064 4770 1098 4828 R.
1110 4771 1144 4828 R.
1163 4770 1183 4827 ii
1201 4789 1245 4841 10,
1267 4768 1348 4843 Cato,
1363 4769 1397 4827 R
1413 4768 1446 4827 R

410 4874 497 4931 quam
517 4874 615 4912 vocem
643 4853 746 4924 Fellus,
774 4852 825 4928 qui
852 4852 913 4928 ipso
949 4852 995 4925 69.
1037 4851 1145 4911 Vocem
1165 4855 1380 4926 πεντηκόνταρχος
1398 4849 1446 4907 ba-

411 4936 530 4994 MStnm
557 4955 615 4993 non
640 4934 772 5011 inspexit,
796 4940 913 4992 strenue
947 4933 997 4991 bes
1011 4932 1087 5011 apud
1101 4932 1229 5011 Xenopb
1245 4932 1281 4991 de
1295 4931 1446 5009 Repntn

410 5025 515 5075 tuctur.
559 5016 668 5073 Birrius
687 5015 799 5092 reponit
813 5014 859 5072 vel
873 5017 913 5070 εὐ·
947 5013 957 5071 i
993 5033 1019 5088 2,
1057 5021 1087 5073 et
1122 5013 1271 5073 Demosth.
1305 5033 1328 5073 c
1367 5013 1446 5089 Poly·

411 5106 520 5156 ευσικῶς
533 5098 577 5155 vel
594 5097 714 5173 denique
728 5097 752 5155 si
766 5095 857 5154 maris
871 5099 911 5152 εὐ·
947 5096 1028 5167 clem,
1042 5115 1127 5154 sensu
1140 5104 1237 5154 autem
1250 5115 1367 5172 prorsus
1384 5094 1446 5164 alio,

411 5180 529 5250 εκθυμῶς.
948 5197 1049 5256 nempe
1062 5177 1226 5254 praefectus
1248 5177 1342 5251 moia,
1361 5196 1447 5254 φιαιιι
