3250 6617
464 1080 527 1143 AD
549 1079 841 1157 CORINTHIOS,
856 1079 922 1141 xlii.
1146 1079 1209 1141 155

169 1263 270 1329 certa
299 1254 461 1353 Spiritus
485 1254 612 1329 Sancti
632 1252 765 1328 fiducia
786 1252 923 1352 egressi
947 1262 1044 1336 sunt,
1070 1278 1210 1324 aninm-

169 1371 310 1445 ciantes
331 1371 436 1471 regni
453 1372 525 1446 Dei
549 1370 759 1446 adventum.
811 1371 883 1443 Per
907 1369 1071 1467 regiones
1098 1369 1212 1467 igitur

170 1496 210 1561 et
237 1486 349 1561 urbes
380 1486 535 1561 verbum
568 1486 828 1586 praedicantes
862 1486 1042 1586 primitias
1076 1512 1210 1568 earmn,

170 1602 315 1705 Spiritu
345 1630 463 1703 quum
496 1602 719 1703 probassent,
753 1604 939 1703 episcopos
972 1614 1010 1677 et
1043 1603 1212 1678 diaconos

169 1746 299 1795 eorum
327 1722 392 1821 qui
415 1720 588 1795 credituri
615 1729 729 1807 erant,
750 1722 1028 1795 constituenmt.
1081 1720 1211 1818 Neque

169 1836 238 1913 hoc
266 1837 415 1938 quidem
444 1864 583 1911 novum
612 1837 828 1911 institntmn
854 1836 936 1921 fuit,
962 1834 1088 1908 multis
1114 1835 1210 1908 enim

168 1964 269 2029 retro
301 1954 454 2029 sacculis
487 1954 533 2029 de
567 1954 744 2053 episcopis
778 1963 817 2026 et
846 1952 1006 2025 (liaconis
1034 1950 1210 2049 scriptum

169 2070 292 2145 firerat
304 2101 313 2161 ;
349 2072 401 2145 sic
430 2069 528 2144 enim
560 2069 694 2145 alicubi
722 2068 812 2143 dicit
842 2067 1040 2164 Scriptura,
1072 2066 1210 2141 Conser-
1225 2086 1373 2148 aaran.

169 2200 275 2263 tunm
286 2187 476 2287 episcopos
487 2214 615 2261 corum
628 2185 668 2259 ia
677 2184 838 2284 justitio,
850 2197 881 2257 ct
899 2182 1211 2257 dioecesanorum

171 2304 212 2379 ia
224 2304 319 2403 fide.

168 2546 227 2607 tori
268 2546 547 2607 Commentariorum
593 2546 669 2606 inter
710 2554 739 2605 ct
760 2546 880 2605 Diaconi
908 2545 1076 2604 nominatim
1104 2564 1209 2603 momo-

169 2628 342 2707 Hiaronymi
378 2629 474 2707 Opera
514 2648 668 2687 cuaorumz
710 2637 818 2687 rantur.
841 2627 977 2687 COUST.

169 2710 240 2771 item
259 2710 325 2770 Aet.
345 2730 386 2769 xx
409 2714 454 2779 28,
476 2710 670 2769 Pseudo-Hia-
752 2716 777 2769 8.
794 2710 954 2779 Keraunion
968 2712 1025 2767 rode
1041 2706 1205 2789 ἐπισκόπους]

169 2791 360 2933 tw
376 2792 670 2951 adnotata
710 2790 1015 2929 {t‘ffl'Q-ALXX‘
1032 2789 1140 2893 Μ
1171 2796 1210 2895 “³'‘

747 2898 787 2929 σω
811 2898 870 2930 τους
922 2898 1030 2946 ρχοντας
1056 2896 1105 2929 σου
1126 2897 1153 2928 εν
1176 2897 1210 2929 ει-

169 2974 268 3015 Vel'mfl
286 2955 375 3033 primi
389 2955 536 3033 Epistoiae
553 2955 589 3013 ud
602 2955 668 3013 Phi-
710 2955 779 3029 ρῆνῃ,
795 2958 834 3010 καὶ
853 2956 912 3012 τοὺς
929 2956 1100 3012 Ἐπισκόπους
1117 2978 1166 3010 σου
1183 2958 1210 3010 ἐν

168 3034 321 3115 lippansca,
343 3044 374 3097 et
396 3036 525 3095 Maximo
552 3037 589 3094 ad
615 3036 669 3094 ini·
711 3036 862 3105 δικαιοσύνῃ.
925 3034 1033 3093 Textus
1061 3035 1149 3093 Hebr.
1185 3045 1210 3093 et

168 3116 243 3179 tium
265 3118 406 3177 coelestis
428 3117 620 3191 Hierarchiac,
638 3138 671 3175 ac
707 3138 819 3193 porcam
836 3137 951 3175 cerwacm
964 3127 1047 3174 tatum
1064 3136 1170 3191 quirem,
1185 3127 1211 3174 et

168 3198 236 3259 libri
269 3200 306 3259 de
332 3200 447 3259 Divinis
474 3198 649 3258 Nominibus
661 3220 671 3272 3
711 3198 1013 3275 eaerwtoreajastitimn.
1055 3197 1170 3275 Vulgut.
1186 3207 1211 3255 et

169 3288 317 3377 praeterea
340 3280 450 3339 Irim.
470 3281 502 3339 iii
525 3301 541 3339 a
564 3289 593 3340 et
613 3280 668 3340 Tit.
706 3300 819 3355 porcean
839 3280 1032 3338 cantationem
1055 3289 1137 3337 taam
1155 3300 1210 3355 pa

168 3362 515 3437 17,Tbcodoretoeidcna
538 3362 670 3441 Denique
710 3382 775 3433 σενι,
797 3370 824 3420 et
844 3362 1019 3437 praepositos
1040 3371 1102 3419 taos
1121 3361 1211 3436 jaari-

168 3446 346 3519 ιρισβύηρον
359 3464 390 3503 sc
408 3444 532 3522 appellat
546 3444 670 3521 Aposto
710 3444 790 3501 tiam.
812 3442 892 3501 Vera.
906 3446 967 3518 Syr.
979 3463 1117 3501 corruerem
1127 3453 1211 3501 trram

168 3524 215 3585 lna
226 3524 339 3599 Petrus,
349 3525 506 3603 itidemque
515 3525 671 3603 Apostolus
711 3524 883 3582 ccrwtitncm
905 3544 1014 3599 parcos,
1036 3534 1061 3581 ct
1087 3525 1210 3600 pracfec-

168 3606 340 3681 solamen
373 3614 404 3667 et
431 3607 447 3664 I
474 3606 547 3665 Tim.
577 3606 607 3665 iv
634 3626 670 3679 14
711 3615 774 3663 tum
800 3615 885 3663 tuum
909 3625 1014 3680 picena.
1058 3606 1102 3663 De
1120 3605 1209 3663 Hum-

169 3688 383 3767 Prcsbyterium
402 3688 439 3747 dc
458 3689 552 3767 primo
573 3688 671 3747 Sacer·
711 3686 817 3744 mondo
838 3693 867 3744 et
881 3686 995 3743 Morino
1013 3686 1113 3745 asserit
1127 3686 1210 3745 Cote-

169 3770 242 3829 dotii
267 3770 362 3849 gradu
388 3778 538 3849 exponunt
559 3770 670 3848 antiqui
711 3769 806 3840 larius,
820 3767 897 3844 quod
917 3768 989 3825 altor
1003 3767 1209 3825 Clementinam

169 3850 342 3931 interpretes
354 3871 363 3925 3
384 3852 416 3909 in
435 3852 499 3910 aliis
515 3872 583 3911 vero
600 3851 671 3910 locis
712 3850 862 3908 lectionem
889 3849 975 3905 fuisse
1007 3848 1119 3907 Codicis
1153 3869 1210 3926 qno

169 3930 356 4011 Ptasbyteros
369 3952 419 3993 scu
433 3933 572 4005 Seniores,
583 3932 670 3991 inter·
710 3932 866 3989 utebantur
878 3930 1019 4006 Apostoli,
1029 3936 1115 4006 atque
1128 3930 1210 3987 hodi-

168 4014 240 4075 dum
255 4014 359 4075 volunt
379 4034 440 4073 esee
462 4034 589 4073 summos
611 4014 669 4091 pri-
711 4032 796 4069 omae
810 4032 870 4070 osse
884 4011 1116 4087 pmoferendan1;
1133 4012 1207 4086 [mlv.

168 4116 288 4175 mosque
322 4096 498 4167 Sacerdotes,
526 4095 672 4154 interdum
712 4093 850 4152 Blondell.
877 4093 995 4151 Dissert.
1017 4093 1047 4150 iv
1070 4107 1096 4167 7,
1124 4113 1143 4150 v
1165 4090 1205 4173 7.]

169 4176 337 4239 Sacerdotes
356 4177 504 4237 inferiores
523 4196 556 4235 ac
571 4196 670 4235 secun
711 4176 784 4233 alter
805 4175 972 4251 decerptum
990 4194 1050 4233 essa
1068 4175 1144 4251 quod
1166 4175 1210 4233 hic

168 4258 243 4333 doa3
263 4260 471 4336 observantque
489 4278 671 4335 saepenumc-
710 4257 816 4315 citatur
829 4276 865 4315 ex
883 4256 956 4313 libro
975 4256 1070 4333 aliquo
1084 4256 1143 4314 sive
1158 4256 1209 4315 Sa-

167 4360 210 4413 rc,
230 4340 482 4400 indiscriminatim
507 4340 598 4399 solere
621 4360 671 4417 ap-
710 4358 759 4395 cro
787 4338 847 4396 sive
871 4338 1051 4415 apocrypho,
1076 4338 1124 4415 qui
1152 4358 1209 4395 non

167 4421 268 4501 paliari
292 4422 449 4500 Episcopos
470 4430 499 4481 et
520 4421 670 4499 Presbyte-
711 4425 805 4478 exstat
818 4418 911 4489 hodic,
925 4419 1107 4477 existimavit.
1136 4416 1208 4499 [Ex-

167 4522 223 4563 rcs.
244 4502 411 4577 Quinetiam
424 4524 462 4561 ex
471 4510 568 4562 mento
578 4502 670 4579 Chry·
709 4500 788 4559 ercit.
805 4501 878 4559 Bibl.
895 4502 910 4557 Ι
929 4501 960 4558 ix
975 4504 1018 4575 4.]
1064 4498 1131 4577 Ipso
1152 4501 1208 4558 Co·

167 4584 286 4645 acstcmi
307 4584 345 4643 ad
370 4584 491 4663 Philipp.
514 4584 559 4642 ir
586 4584 669 4644 initio
708 4582 825 4641 telerius
852 4582 1002 4659 conjuncta
1034 4581 1120 4639 fuisse
1151 4582 1209 4638 duo

167 4664 379 4725 Cbristianismi
400 4666 454 4725 sub
475 4666 669 4725 Diaconorum
710 4664 810 4722 Esaiae
824 4662 989 4722 testimonia
1003 4662 1032 4719 lx
1050 4677 1083 4736 17
1107 4670 1136 4721 et
1149 4663 1209 4720 lxvi

166 4746 284 4807 nomine
318 4748 475 4827 Episcopoa
507 4749 596 4807 ctiam
635 4766 668 4805 ac
712 4764 744 4802 21
769 4747 812 4802 ἀπ’
831 4748 911 4800 αὐτῶν
930 4745 1048 4816 λήψομαι
1064 4745 1149 4818 ‘lapda
1169 4749 1209 4800 καὶ

167 4826 354 4907 Presbyteros
378 4828 572 4907 designabant
603 4828 669 4887 00-
709 4824 820 4884 Αευΐτας.
853 4826 915 4901 Ego
929 4844 996 4882 sane
1010 4824 1143 4883 existimo
1154 4824 1209 4883 Oo-

167 4908 252 4971 TEL.
295 4910 383 4969 Forte
403 4910 491 4970 etiam
513 4910 669 4988 Episcopos
707 4907 858 4965 lomcsium
885 4926 944 4963 rem
972 4906 1108 4983 attigisse,
1132 4907 1208 4983 apud

167 4998 282 5051 tantum
294 5012 329 5051 ac
342 4992 486 5051 Diaconos
504 4990 552 5050 hic
572 5011 667 5049 rocon-
709 5008 794 5065 quem
815 4986 868 5045 boc
884 4988 920 5046 de
934 4988 995 5044 loco
1013 4988 1054 5045 ita
1067 4988 1188 5065 legimus
1201 5011 1206 5046 :

167 5080 220 5147 set,
233 5082 353 5152 propter
365 5072 466 5133 Fsaiac
485 5073 580 5132 locum
600 5092 669 5130 mox
710 5070 790 5127 ‘Vix
810 5069 906 5147 itaquo
927 5069 1064 5142 «tabitam,
1083 5071 1151 5147 quin
1175 5072 1206 5128 B.

167 5154 205 5215 ab
217 5154 394 5227 wcitatum,
406 5154 439 5215 in
457 5174 516 5233 qno
536 5154 670 5232 Episcopi
710 5151 865 5210 ‘Clemens
877 5152 971 5210 locum
991 5151 1072 5210 illum
1093 5162 1125 5211 ut
1138 5152 1210 5210 alios

766 5266 824 5310 Η
