3250 6617
425 1071 487 1135 ΑΙ)
510 1072 800 1149 CORINTHIOS,
817 1071 890 1134 xliv.
1112 1066 1174 1132 163

131 1241 261 1315 seriem
303 1240 547 1328 tradiderrmt,
590 1254 633 1315 ut
674 1268 789 1339 quum
832 1240 882 1313 illi
926 1240 1173 1322 decessissent,

130 1358 376 1433 ministerium
409 1385 534 1433 corum
569 1359 630 1433 alii
663 1359 731 1431 viri
772 1358 917 1456 probati
957 1358 1173 1456 exciperent.

132 1474 367 1551 Constitutos
396 1477 522 1575 itaque
551 1476 598 1549 ab
627 1476 707 1559 illis,
734 1476 793 1549 vel
823 1475 993 1573 deinceps
1019 1472 1065 1547 ab
1094 1472 1175 1545 aliis

130 1592 220 1667 viris
237 1593 390 1681 eximiis,
407 1621 490 1667 cum
508 1620 683 1667 consensu
701 1594 891 1666 universae
910 1590 1100 1676 Ecclesiae,
1111 1591 1175 1687 qni

132 1828 210 1888 aliud
223 1829 282 1887 iere
294 1830 399 1907 agitur,
413 1830 442 1887 in
460 1830 633 1888 earistituen-
674 1830 762 1887 stolos
789 1828 844 1887 sibi
871 1848 1044 1886 successores
1067 1830 1108 1883 διὰ
1132 1831 1176 1897 τῆς

132 1910 178 1969 tllfl
201 1912 277 1989 aputl
301 1930 354 1969 not
376 1910 546 1989 Episcopls3
568 1911 634 1969 licet
673 1918 724 1967 τῶν
741 1918 834 1985 χειρῶν
849 1911 985 1968 ἐπιθέσεως
1009 1909 1068 1966 sive
1091 1932 1174 1981 χειρο-

132 1992 211 2051 cnim
233 1992 392 2051 nominatio
412 1992 497 2070 (quae
519 1992 634 2069 quidem
673 1996 756 2051 τονίας
779 1992 966 2063 constituisse,
988 2010 1123 2067 suamque
1147 1989 1175 2045 in

133 2074 290 2152 plurimum
313 2074 408 2133 valere
435 2072 521 2151 solet)
548 2094 634 2150 penes
675 2093 723 2132 eos
750 2074 907 2132 Ecclesiam
942 2071 1108 2130 instituendi
1143 2092 1176 2128 ae

133 2156 173 2215 sit
197 2154 359 2233 Principem
370 2176 378 2227 ;
408 2155 509 2215 electio
529 2162 635 2225 tonrcn,
676 2156 792 2231 regendi
817 2155 958 2213 derivasse
977 2154 1103 2225 ἐξουσίαν,
1120 2173 1176 2229 qua

133 2236 637 2314 adPresbyteriumsiveepiscopelis
676 2244 705 2295 et
725 2237 788 2295 eliis
808 2256 911 2294 manus
933 2235 1098 2311 Episcopale
1120 2254 1176 2293 non

135 2318 212 2377 sedis
221 2318 377 2395 capitulum
387 2318 504 2394 (vetcris
513 2318 638 2375 Alexan·
676 2318 838 2394 interrupta
851 2338 883 2375 ae
897 2318 1031 2375 continua
1052 2337 1103 2393 per
1117 2336 1176 2373 onr-

136 2400 213 2457 drini
234 2400 323 2459 moris
346 2400 382 2457 ad
406 2400 504 2469 instar,
523 2400 558 2458 (le
580 2420 636 2476 quo
677 2400 724 2457 nia
737 2398 848 2457 saecula
858 2398 1031 2457 successione
1042 2397 1175 2455 tradituri

138 2480 342 2558 Hieronymus,
380 2478 483 2561 [Epist.
520 2483 585 2553 146,
627 2481 635 2537 i
677 2489 779 2553 essent,
796 2489 938 2539 testantur
957 2479 1063 2555 ubique
1087 2479 1175 2536 saneti

141 2564 217 2637 1076
231 2562 275 2621 ed
292 2562 426 2635 Vallata]
471 2562 636 2639 Eutychius,
678 2563 777 2621 Patres
787 2584 796 2635 3
817 2582 927 2639 eosque,
943 2561 992 2637 qui
1013 2561 1054 2619 ita
1075 2561 1177 2617 eonsti-

142 2640 262 2725 [Eccles
298 2643 438 2703 Alexand.
470 2643 570 2721 Origg.
606 2664 636 2721 p.
677 2645 733 2703 tuti
752 2644 877 2707 fircnrnt.
892 2663 950 2700 non
964 2643 1000 2699 ab
1014 2641 1177 2699 hominibus

138 2728 213 2801 xxx]
234 2732 265 2785 et
285 2724 347 2803 alii)
370 2726 526 2784 etiamnum
551 2726 637 2803 perti-
678 2726 728 2783 sed
741 2747 758 2783 a
771 2726 835 2783 Deo
849 2726 909 2801 ipso
929 2731 1101 2801 potestatem
1121 2724 1177 2799 spi-

138 2816 207 2867 net:
238 2826 273 2865 es
293 2815 389 2865 tamen
413 2814 528 2883 peracta
548 2807 637 2885 (quod
678 2807 819 2878 ritualem,
834 2826 889 2883 qua
905 2806 1060 2863 Ecclesiam
1071 2805 1176 2863 Clrristi

138 2888 227 2947 etiam
250 2888 441 2947 Alexandriae
464 2888 572 2946 facturn
595 2888 637 2946 in·
678 2888 910 2946 administrarent
938 2896 966 2947 ct
994 2894 1124 2963 regerent
1149 2894 1178 2945 ct

138 2968 268 3047 telligers
281 2976 333 3041 est,
346 2970 391 3027 rel
413 2990 448 3027 ex
469 2970 532 3028 loco
545 2968 637 3027 'l'lreo-
678 2988 851 3028 successores
885 2970 938 3027 sibi
973 2969 1179 3028 constituerent

137 3050 232 3111 doreti
245 3051 332 3109 modo
350 3050 470 3129 laudati)
484 3051 575 3127 plebis
595 3072 638 3108 as·
678 3071 730 3128 per
743 3052 838 3109 omnia
854 3052 948 3109 futura
969 3050 1087 3123 saecula,
1102 3070 1178 3108 accc-

137 3152 238 3191 serrsus
259 3132 373 3191 demum
397 3142 585 3210 expectatur;
608 3133 638 3189 in
678 3132 753 3210 pisse
767 3153 819 3191 nos
833 3132 942 3192 docent.
975 3132 1071 3189 Aliam
1087 3131 1179 3189 Laicis

138 3233 225 3292 quem
245 3212 341 3279 finem,
356 3215 465 3286 electio,
482 3234 500 3271 a
520 3215 639 3291 Presby-
678 3235 804 3292 unquam
819 3214 903 3272 inisse
917 3220 1087 3289 potestatem
1100 3233 1179 3289 prac-

138 3296 213 3355 tcrio
228 3296 346 3355 seorsim
366 3296 473 3358 habita.
488 3296 524 3353 ab
538 3296 639 3354 iisdem
678 3305 724 3354 ter
746 3301 776 3353 τὸ
799 3299 957 3353 συνευδοκεῖν
979 3315 1036 3353 non
1058 3316 1179 3371 agrrovc-

139 3376 215 3455 plebi
235 3378 392 3450 universae,
406 3378 435 3435 in
456 3378 522 3435 navi
545 3378 639 3435 Ecelc-
680 3385 755 3443 nint,
766 3397 838 3454 quae
852 3380 1031 3447 συνευδόκησις
1045 3376 1180 3434 dicituro

138 3456 393 3528 dsccutlredralis,
403 3459 558 3517 solenniter
568 3460 640 3517 serlet
681 3460 710 3518 S.
726 3460 870 3535 Cypriano
883 3458 1056 3533 maffrayium
1070 3458 1178 3533 plebis:

139 3540 308 3614 mnunciari,
321 3540 371 3619 qui
384 3541 551 3619 plerumque
565 3561 639 3599 com-
681 3541 733 3617 Ep.
749 3541 785 3598 lv.
807 3538 861 3619 [eal.
880 3540 948 3597 l'ell.
964 3560 991 3615 p.
1010 3535 1089 3618 243]
1123 3539 1180 3595 ‘Et

138 3621 205 3681 dem
226 3630 339 3699 gratam
361 3632 449 3699 atque
474 3629 568 3680 ratam
590 3622 640 3680 ha·
681 3622 794 3680 ‘faetus
822 3628 864 3679 est
889 3620 1046 3698 Episcopus
1073 3640 1090 3677 a
1117 3619 1179 3695 pln-

139 3702 217 3763 beut.
239 3702 349 3761 FELL
681 3704 783 3760 ‘rimis
796 3702 912 3778 collegis
932 3702 1036 3759 nostris
1049 3701 1097 3777 qui
1112 3708 1181 3759 tune

180 3802 208 3859 3.
223 3786 368 3859 ἐλλογίμων
386 3786 495 3859 sams]
518 3783 639 3856 ATito,
681 3785 733 3842 ‘in
746 3785 817 3842 urbe
832 3784 924 3840 Ronra
940 3783 1078 3854 ailerant3
1100 3828 1105 3839 .
1125 3828 1131 3839 .
1148 3828 1177 3839 ..

139 3864 300 3931 Timotheo,
311 3873 341 3926 et
352 3866 417 3925 aliis
429 3866 641 3943 coadjuarribus
681 3870 689 3897 ‘
703 3866 794 3925 foetus
807 3872 850 3923 est
862 3864 1019 3941 Episcopus
1032 3864 1068 3921 <lc
1084 3864 1135 3921 llei
1152 3872 1182 3921 et

139 3946 353 4025 Apostolorum,
386 3948 490 4025 quibus
528 3968 640 4016 munus,
682 3947 810 4005 ‘Christi
834 3947 894 4023 ejus
911 3946 1028 4021 judicio,
1042 3945 1078 4002 ilc
1092 3945 1181 4002 Cleri-

141 4028 306 4107 Episcopos,
321 4030 514 4107 I‘resbpteros,
529 4040 558 4087 et
572 4030 640 4086 Dia—
682 4034 802 4087 ‘eorum
830 4047 918 4104 paene
947 4027 1074 4085 omniurn
1102 4027 1181 4085 testi-

139 4130 227 4169 couos
253 4110 431 4177 instituendi,
459 4110 641 4169 commissum
682 4110 808 4178 ‘monio,
831 4110 866 4168 de
894 4110 997 4179 Plebis,
1017 4128 1089 4185 (luae
1113 4116 1182 4166 tune

141 4199 210 4252 erat.
233 4190 447 4251 HEFllLlUS.
682 4192 793 4259 ‘offuit
816 4190 959 4268 suffragio,
981 4191 1063 4249 etde
1084 4190 1180 4248 Socer-

181 4294 209 4345 4.
241 4270 474 4353 mdcaeardenr]
507 4274 639 4349 Applarr-
682 4274 804 4333 ‘dotum
826 4274 1010 4350 antiquorum
1037 4292 1069 4329 ac
1095 4272 1182 4329 bono-

140 4354 579 4430 denteouteonprctulcntelota
587 4356 642 4412 Ee·
684 4361 769 4413 ‘rurn
792 4355 921 4412 virorum
948 4354 1067 4431 collegio
1086 4352 1105 4419 ς’
1132 4354 1180 4410 &e

140 4436 233 4495 deria
277 4436 357 4494 Nihil
382 4436 429 4495 hie
453 4436 489 4495 de
515 4444 643 4513 accepta·
685 4437 738 4495 Per
766 4437 913 4513 ‘plurimis
934 4436 1049 4511 collegis
1070 4434 1183 4493 nostris'

140 4516 220 4577 tione
233 4518 323 4577 totius
340 4518 490 4591 Ecclesiae,
504 4518 565 4576 sine
587 4538 643 4594 qna
683 4518 703 4575 ii
725 4525 792 4576 sunt
813 4518 1000 4593 intelligendi,
1018 4516 1067 4592 qui
1087 4535 1183 4573 consc-

141 4598 298 4677 Episccpos
311 4608 340 4659 et
355 4598 498 4659 Diaconos
515 4600 551 4657 ob
565 4598 643 4676 Apo·
683 4606 798 4657 orarunt
810 4598 990 4657 Cornelium:
1006 4617 1042 4655 ex
1053 4618 1095 4665 eo,
1106 4596 1182 4672 quod

140 4680 222 4739 stolis
246 4687 276 4740 et
293 4680 467 4757 Apostolicis
488 4681 556 4739 viris
577 4701 641 4739 eon-
682 4681 752 4738 (licit
776 4680 901 4737 ‘foetam
930 4698 989 4737 esse
1018 4678 1053 4736 (le
1074 4677 1127 4734 Dei
1153 4686 1182 4736 ct

140 4762 259 4821 stitutcs
287 4782 344 4821 non
364 4783 433 4833 esse,
454 4783 489 4821 err
505 4762 560 4819 lroc
579 4763 641 4819 loco
683 4761 812 4820 ‘Christi
834 4762 895 4836 ejus
913 4760 1041 4836 judicio.¹
1055 4759 1117 4817 vult
1138 4760 1181 4816 in-

140 4843 286 4903 concludit
300 4844 484 4916 Blontlellas5
498 4842 578 4919 quasi
593 4843 641 4918 qui
682 4862 777 4913 nuere,
810 4850 982 4919 potestatem
1017 4840 1183 4899 eeclesiasti-

140 4944 179 4983 ex
201 4924 257 4983 Dei
280 4926 364 5003 jussu
386 4932 416 4984 ct
438 4924 643 5001 approbatione
683 4944 744 4981 earn
771 4924 900 5001 legitime
927 4923 1081 4981 secundum
1107 4922 1183 4997 leges

141 5006 397 5079 constituebantur,
424 5006 521 5083 populi
556 5006 642 5063 etiam
684 5006 826 5063 Ecclesiae
867 5014 895 5064 et
932 5004 1182 5082 praescriptionem

142 5088 335 5167 acceptatione
363 5087 491 5161 indigere
524 5086 644 5164 putandi
686 5087 832 5161 Evangelii
861 5085 889 5144 in
917 5087 1090 5145 successione
1118 5106 1181 5143 eon-

143 5178 244 5231 emens
282 5170 503 5229 HAbllllOND.
567 5168 644 5245 Apo-
684 5168 764 5226 tinua
777 5168 936 5227 ‹lem-atam
957 5176 986 5226 et
999 5168 1182 5226 constitutam

746 5283 797 5329 Η
