3250 6617
363 1062 406 1124 58
729 1054 761 1122 S.
786 1058 1042 1123 CLEMENTIS

365 1230 598 1328 σπευσῶμεθα
643 1232 760 1314 αὐτοῖς
806 1229 897 1309 κατὰ
939 1226 1005 1328 τὴν
1041 1229 1315 1335 εὐσπλαγχνιάν
1351 1232 1410 1308 καὶ

364 1357 571 1459 γλυκύτητα
596 1366 660 1438 τοῦ
684 1356 902 1457 ποιήσαντος
931 1359 1035 1457 ἡμᾶς.
1095 1357 1298 1461 Γέγραπται
1326 1355 1410 1461 γάρ,

368 1497 395 1533 “
417 1489 582 1591 Χρηστοὶ
608 1483 751 1565 ἔσονται
773 1483 950 1589 οἰκήτορες
968 1489 1044 1585 γῆς,
1064 1484 1187 1564 ἄκακοι
1206 1483 1245 1564 δὲ
1263 1488 1407 1565 ὑπολει·

367 1624 394 1660 “
416 1610 618 1716 φθήσονται
635 1609 687 1692 ἐπ’
707 1613 826 1713 αι’πῆς·
858 1617 890 1691 οἱ
918 1611 955 1690 δὲ
981 1620 1268 1716 παρανομοῦντες
1284 1610 1407 1716 ἐξολε·

366 1751 393 1787 “
412 1737 668 1843 θρενθήσονται
704 1740 764 1819 ἀπ’
811 1738 949 1837 αι’πῆς.”
1027 1743 1098 1819 Καὶ
1142 1737 1256 1819 πάλιν
1302 1740 1443 1841 λε’γει,5

366 1878 395 1914 “
418 1862 526 1946 Εἶδον
553 1869 668 1965 ἀσεβῆ
696 1865 995 1973 ὑπερνψοῦρανον,
1021 1869 1080 1945 καὶ
1105 1865 1334 1971 ἐπαιρόμενον
1362 1870 1410 1952 ὡς

366 2005 394 2040 α
441 1992 451 2016 i
526 1993 555 2070 ιδ
701 2002 717 2018 a
826 1990 836 2017 t
904 2025 911 2039 ·
988 1996 1000 2024 ς
1104 1999 1119 2015 a
1286 1998 1298 2026 ς
1325 1999 1333 2023 ς
1390 1995 1400 2020 ι

411 2028 476 2077 τας
494 2027 531 2071 κε
553 2027 637 2096 ρους
655 2029 718 2073 τον
738 1999 899 2088 Λιβανον
943 2027 1001 2072 και
1023 2000 1222 2098 παρηλθον,
1242 2029 1300 2074 και
1323 1999 1409 2091 ιδον,

366 2131 392 2167 “
412 2122 475 2199 οὐκ
502 2117 556 2218 ἦν,
579 2122 636 2197 καὶ
663 2117 860 2222 ἐξεζήτησα
888 2120 950 2200 τὸν
975 2120 1086 2202 τόπον
1110 2124 1228 2219 αὐτοῦ,
1256 2126 1315 2202 καὶ
1343 2125 1410 2227 οὐχ

363 2422 427 2465 mus
453 2408 548 2467 αὐτοῖς,
576 2404 699 2463 refertur
723 2405 759 2462 ad
785 2413 864 2463 ante-
905 2405 1008 2482 Ephes.
1025 2406 1041 2482 ᾗ
1060 2424 1104 2474 ιο,
1120 2413 1184 2463 tum
1201 2405 1229 2464 S.
1246 2405 1410 2482 Cyprianus

363 2487 499 2545 cedentia
542 2493 691 2560 Χρηστότης
713 2494 810 2545 autem
831 2506 864 2544 ac
905 2486 1038 2545 Cornelio
1064 2483 1168 2566 [Epist.
1192 2500 1230 2561 59
1253 2487 1297 2544 ed
1320 2484 1409 2567 Fen}

362 2568 559 2626 benevolentia
574 2588 642 2644 erga
657 2568 814 2626 haereticos
835 2575 864 2626 et
905 2574 912 2600 ‘
927 2568 1051 2625 Oramus
1064 2588 1097 2625 ac
1108 2568 1294 2645 deprecamur
1302 2567 1407 2639 Deum,

362 2650 564 2719 schismaticos,
590 2649 723 2726 ipsosque
742 2649 864 2707 haeresi·
905 2654 1013 2726 ‘quem
1039 2669 1195 2726 provocare
1222 2649 1263 2707 illi
1291 2657 1322 2708 et
1340 2669 1410 2708 exa·

362 2731 461 2788 archus
475 2738 504 2788 et
518 2730 703 2789 schismatum
721 2731 863 2801 authores,
905 2732 1042 2789 ‘cerbere
1066 2751 1123 2788 nen
1142 2730 1285 2802 desinunt,
1306 2738 1339 2789 ut
1361 2752 1408 2789 eo

362 2820 459 2888 potest
486 2811 630 2869 conciliari
658 2832 724 2870 eum
759 2813 807 2889 pio
834 2822 864 2870 et
905 2817 991 2869 ‘rum
1015 2813 1101 2871 cerda
1124 2812 1283 2883 mitescant,
1308 2819 1342 2871 ut
1364 2813 1409 2869 fu·

363 2893 526 2951 Christiano
547 2894 616 2951 zelo.
659 2894 708 2952 Ita
728 2893 804 2951 enim
822 2903 864 2952 at·
905 2898 991 2951 ‘rore
1018 2893 1148 2970 deposito
1182 2894 1219 2951 ad
1253 2894 1407 2951 sanitatem

363 2974 547 3050 temperanda
561 2982 629 3033 sunt
649 2974 726 3032 zelus
747 2986 865 3052 propter
906 2974 1032 3033 ‘mentis
1066 2975 1191 3048 redeant,
1225 2982 1259 3033 ut
1289 2982 1409 3052 pectora

362 3056 457 3124 fidem,
485 3062 514 3114 et
538 3056 660 3114 charitas
694 3055 864 3129 Christiana,
907 3061 1028 3133 ‘opertu
1067 3057 1238 3115 delictorum
1271 3056 1407 3125 tenebris,

362 3145 396 3196 ut
420 3157 511 3214 neque
534 3157 569 3194 ex
588 3137 722 3196 simulata
741 3138 864 3214 quadam
908 3138 1408 3214 ‘poenitentiaelumenagnoscant3

362 3219 464 3276 fictave
484 3217 631 3290 charitate,
646 3220 682 3276 de
695 3218 751 3276 fide
765 3227 795 3277 et
809 3219 865 3276 dis·
907 3224 959 3278 ‘et
971 3219 1063 3296 magis
1083 3226 1184 3296 petant
1201 3219 1282 3276 fundi
1303 3240 1357 3296 pro
1377 3240 1408 3278 se

362 3299 474 3376 ciplina,
499 3320 517 3357 a
540 3299 567 3357 S.
588 3300 735 3377 Apostolis
758 3310 787 3359 et
812 3301 865 3358 Ec·
907 3304 1026 3377 ‘preces
1053 3309 1139 3377 atque
1166 3301 1309 3359 orationes
1332 3301 1407 3360 anti-

363 3381 463 3440 clesiae
478 3381 610 3439 Patribus
624 3381 747 3448 traditis,
761 3401 863 3458 parum
905 3383 1012 3455 ‘stitia
1026 3401 1113 3458 quam
1133 3382 1187 3458 ipsi
1208 3382 1329 3440 fundant
1343 3403 1408 3440 san-

362 3462 477 3520 selliciti
511 3482 571 3520 esse
605 3464 778 3534 videamur3
816 3484 864 3521 ne·
905 3464 1044 3540 ‘guinem
1075 3463 1247 3521 sacerdotis)
1282 3463 1404 3522 WOTT.

362 3564 417 3621 que
432 3545 508 3602 zelus
522 3552 619 3602 noster
632 3552 750 3622 propter
760 3545 864 3603 veritam
905 3545 1073 3603 Gallandius
1090 3544 1242 3603 lectionem
1258 3548 1343 3604 αὐτοῖς
1363 3565 1407 3603 re-

361 3633 406 3684 tes
428 3625 622 3701 Evangelicas,
642 3627 827 3704 regimenque
847 3647 864 3683 a
904 3627 986 3698 tinet,
1001 3626 1079 3685 etad
1095 3626 1289 3684 schismaticos
1309 3626 1405 3685 refert.

363 3707 478 3766 Christo
490 3714 521 3770 et
534 3707 682 3784 Apostolis
702 3709 762 3785 ejus
781 3708 863 3766 insti-
904 3708 1053 3767 Editorem
1067 3716 1163 3765 autem
1173 3708 1318 3766 Venetam
1328 3708 1407 3767 fefel-

362 3795 467 3861 tutum,
478 3788 509 3845 in
523 3789 621 3847 edium
640 3797 670 3848 et
683 3789 863 3848 inimicitiam
903 3790 938 3848 lit
952 3790 1106 3848 Wottonus
1126 3789 1156 3846 in
1173 3789 1225 3866 Ep.
1240 3788 1261 3846 ii
1278 3793 1292 3861 t
1307 3809 1334 3861 4,
1353 3790 1404 3847 ubi

362 3889 431 3948 erga
456 3871 534 3947 ipsos
561 3870 690 3929 homines
717 3881 864 3929 converta—
904 3873 1007 3930 ἑαυτούς
1020 3891 1077 3928 non
1094 3871 1184 3929 αὐτούς
1202 3869 1319 3929 exhibet
1334 3870 1404 3930 coc

362 3959 417 4010 tur.
462 3952 529 4008 Non
551 3952 587 4009 ad
612 3954 777 4030 cujusquam
799 3973 864 4029 gra·
904 3951 965 4011 MS.
1009 3951 1162 4010 Utrumvis
1178 3970 1293 4009 sensum
1306 3952 1406 4025 mavis,

361 4033 433 4091 tiam
447 4034 644 4108 aucupandam
664 4054 681 4090 a
702 4032 864 4092 defensione
904 4054 962 4092 non
973 4041 1016 4092 est
1026 4053 1077 4091 cur
1091 4033 1240 4091 lectionem
1254 4032 1404 4093 sollicites:

361 4114 492 4173 veritatis
505 4115 551 4171 vel
564 4115 716 4172 minimum
733 4115 865 4173 receden-
904 4119 1000 4174 ἑαυτοῖς
1020 4135 1073 4191 pro
1094 4116 1217 4185 ἀλλήλοις
1242 4114 1406 4191 saepissime

362 4196 431 4253 dum
453 4203 497 4254 est
508 4216 516 4266 ;
548 4215 639 4273 neque
666 4196 863 4260 metuendum,
904 4205 1065 4272 usurpatur,
1099 4195 1143 4254 uti
1181 4197 1218 4253 ab
1256 4194 1405 4274 Apostolo,

361 4296 398 4335 ne
415 4277 607 4336 Christianam
621 4277 791 4336 charitatem
803 4279 866 4335 vio·
905 4278 995 4355 Epist.
1018 4278 1054 4334 ad
1076 4276 1182 4336 Coloss.
1198 4276 1230 4334 iii
1248 4295 1294 4351 13,
1314 4279 1404 4352 ἀνεχό-

362 4358 460 4430 lemus‚
480 4358 549 4419 dum
569 4359 699 4431 schisma,
720 4359 806 4417 toties
827 4360 864 4417 ab
903 4384 972 4430 μενοι
985 4360 1164 4431 ἀλλήλων,κώ
1177 4362 1336 4432 χαριζόμενοι
1349 4364 1406 4416 ἑαν-

362 4439 510 4516 Apestolis
530 4450 560 4501 et
579 4441 711 4498 Patribus
731 4441 864 4498 condem·
903 4445 976 4499 τοῖς.
996 4485 1002 4497 .
1019 4484 1025 4497 .
1041 4485 1047 4497 ,
1064 4485 1071 4497 .
1087 4438 1129 4497 of.
1152 4438 1320 4516 Xenophon.
1344 4440 1406 4499 Me-

362 4524 540 4594 natum‚zelo
551 4522 734 4600 quantumvis
745 4522 862 4593 fervide,
904 4522 1010 4580 morab.
1027 4521 1060 4578 II
1074 4521 1103 4578 vi
1123 4540 1168 4594 20,
1189 4525 1230 4577 καὶ
1250 4523 1406 4594 φθονοῦντες

361 4604 447 4661 modo
461 4624 518 4662 non
533 4604 628 4663 hostili
644 4604 710 4661 odio
724 4601 862 4674 homines,
904 4607 1002 4661 ἑαυτοῖς
1015 4608 1137 4673 μισοῦσιν
1150 4602 1280 4673 ἄλλῆλοις.
1318 4606 1406 4660 Αὐτῶν

362 4684 551 4761 insequamur,
564 4693 594 4744 et
607 4685 801 4743 schismaticos
815 4705 863 4762 pe·
903 4687 1073 4741 πυνθάνεσθαι
1094 4684 1173 4741 aliua
1195 4684 1290 4742 elium
1310 4685 1405 4742 reieci*

361 4765 443 4823 riculi
471 4768 515 4825 sui
542 4768 752 4825 admoneamus.
797 4767 862 4824 Hoc
903 4767 963 4823 teri
989 4765 1075 4823 habet
1098 4765 1313 4838 Demosthenes,
1339 4765 1406 4824 Phi-

362 4855 458 4905 tamen
479 4849 638 4907 cavendum
661 4855 712 4917 cst,
736 4868 772 4907 ne
793 4848 862 4905 dum
903 4847 970 4924 lipp.
996 4848 1006 4903 i
1031 4848 1047 4922 ξ
1073 4865 1116 4904 12.
1139 4849 1322 4903 τᾶνοντιώτοτο
1348 4851 1405 4904 ἐου-

361 4948 461 4986 eorum
480 4950 589 4988 errores
606 4930 780 5002 damnemus,
795 4949 863 5006 erga
902 4934 964 4987 τοῖς.
994 4949 1016 4987 c.
1047 4928 1176 5001 Midiam,
1205 4928 1221 5002 ξ
1250 4947 1296 5001 53.
1331 4929 1405 4985 ’Βου-

361 5009 437 5085 ipsos
451 5010 575 5070 infensos
594 5011 703 5069 animos
719 5031 860 5088 geramus.
902 5011 967 5069 τούς·
1010 5012 1145 5081 ἀλλήλους.
1182 5009 1305 5086 Hesych.
1360 5010 1403 5069 cf.

310 5152 315 5162 ⁸
363 5089 428 5148 Hoc
448 5099 569 5168 egerunt
588 5100 652 5150 tum
673 5092 704 5149 B.
721 5092 862 5169 Ignatius‚
903 5091 1059 5150 Hermann.
1086 5099 1144 5149 not.
1169 5091 1206 5147 ad
1229 5091 1315 5168 Sepla
1340 5091 1403 5150 An·

361 5172 391 5228 iu
420 5172 510 5249 Epist.
535 5174 571 5231 ad
596 5172 708 5248 Smyrn.
735 5173 800 5247 ξι,
825 5174 862 5230 ad
901 5173 952 5250 aig.
973 5188 1037 5245 145,
1059 5181 1089 5231 et
1103 5171 1290 5231 Bernemann.
1305 5181 1402 5232 annot.
