3250 6617
364 1094 382 1133 x
610 1071 669 1134 DE
701 1072 733 1133 S.
758 1070 1014 1135 CLEMENTIS
1047 1071 1155 1133 ROM.

363 1257 548 1332 Historiae
561 1257 834 1333 Ecclesiasticee
850 1258 1034 1332 volumine
1051 1255 1236 1357 coarguit.l
1268 1256 1406 1332 Obiitm

361 1384 472 1456 tertio
503 1383 650 1482 Trajani
680 1410 797 1472 ann0;
833 1393 872 1457 et
901 1384 1056 1458 nominis
1085 1383 1165 1482 ejus
1194 1383 1407 1457 memoriam

304 1498 307 1504 ⁵
362 1533 477 1606 usque
495 1508 626 1583 hodie¹¹
645 1509 783 1583 Romae
801 1518 988 1583 exstructa
1005 1508 1167 1583 Ecclesia
1182 1507 1352 1582 custodit.

399 1820 414 1850 ὃ
436 1806 649 1890 CLEMENS]
683 1809 728 1868 De
748 1811 842 1887 patria
866 1817 896 1869 et
917 1830 1021 1888 genere
1042 1810 1159 1887 hujusce
1181 1808 1316 1886 Episcopi
1337 1829 1406 1868 vere

361 1906 519 1983 Apostolici
544 1906 717 1966 altissimum
740 1916 784 1966 est
811 1907 888 1984 apud
914 1907 1090 1984 antiquiores
1118 1906 1271 1965 silentium
1318 1905 1406 1978 Quali

360 2013 461 2077 morte,
484 2011 513 2064 et
535 2011 624 2082 quoto
645 2024 713 2063 suae
738 2005 840 2065 aetatis
865 2025 940 2063 anno
963 2005 1121 2064 exstinctus
1145 2004 1183 2062 sit
1205 2003 1406 2061 difficillimum

360 2101 439 2161 dictu
461 2111 512 2162 est.
555 2103 636 2176 Quoe
658 2103 777 2161 sanein
799 2102 956 2161 Clementis
977 2103 1100 2161 Romani
1121 2102 1181 2161 vita
1202 2102 1407 2161 conscribenda

359 2201 543 2277 protulerunt
565 2200 670 2259 Cavius
694 2201 808 2279 aliique,
832 2208 993 2260 commenta
1017 2221 1096 2260 mera
1119 2210 1194 2273 sunt,
1218 2201 1344 2258 maxima
1367 2219 1406 2258 ex

359 2306 441 2376 parte
455 2319 471 2358 e
484 2299 565 2357 libris
579 2299 830 2377 Recognitionum‚
846 2299 895 2376 qui
909 2301 962 2357 sub
977 2299 1134 2359 Clementis
1152 2299 1268 2357 nomine
1284 2299 1405 2357 circum-

359 2395 498 2468 feruntur,
512 2398 651 2455 desumta.
695 2396 855 2462 ciaconius,
869 2396 899 2454 in
924 2397 997 2454 libro
1016 2396 1062 2455 cui
1080 2396 1190 2467 titulus,
1205 2395 1289 2454 Vitae
1303 2401 1333 2454 et
1347 2395 1407 2453 Res

361 2494 466 2553 Gestae
482 2494 653 2553 Pontificum
668 2495 864 2553 Romanorum
884 2495 920 2553 ab
935 2495 1018 2553 initio
1039 2495 1180 2553 nascentis
1195 2493 1338 2552 Ecclesiae
1357 2512 1406 2550 us-

269 2582 278 2604 '
360 2612 416 2670 que
430 2593 466 2650 ad
482 2592 660 2652 Clementem
674 2593 729 2663 IX,
743 2593 853 2652 Romae
872 2595 956 2665 1601,
972 2592 1113 2651 Oldoinus
1126 2592 1176 2670 qui
1191 2591 1317 2651 Ciaconii
1331 2610 1405 2668 opus

360 2692 481 2768 excepit,
503 2687 612 2749 Romae
633 2691 976 2765 1677.etRondh1inus,
999 2692 1028 2749 in
1050 2692 1124 2750 libro
1147 2691 1191 2750 De
1211 2690 1240 2750 S.
1257 2691 1406 2750 Clemente

361 2788 438 2866 Papa
459 2797 488 2848 et
508 2789 645 2866 Martyre.
660 2791 777 2866 ejusque
793 2789 914 2848 Basilica
934 2789 965 2848 in
985 2791 1056 2848 urbe
1075 2790 1176 2860 Roma,
1191 2789 1300 2847 Romae
1317 2790 1404 2862 1706,

361 2888 492 2965 prodigia
512 2888 608 2946 omnia
621 2896 650 2947 et
664 2888 801 2946 miracula
814 2908 831 2945 a
845 2887 986 2965 Symeone
1001 2889 1208 2965 Metaphmsta,
1222 2887 1258 2944 ad
1273 2886 1349 2945 diem
1366 2906 1404 2958 24

362 2985 502 3045 Novemb.
527 2992 757 3052 commemorata,
771 2993 909 3063 tanquam
929 2986 952 3043 si
971 2986 1121 3044 verissima
1141 2992 1243 3050 essent,
1261 2984 1406 3062 accipiunt

361 3092 391 3144 et
411 3085 536 3143 tradunt.
581 3084 693 3142 Talium
714 3084 911 3143 narrationum
928 3085 1069 3161 originem
1086 3091 1117 3143 et
1137 3083 1304 3141 institutum
1324 3101 1406 3158 prae·

361 3182 437 3241 clare
457 3189 564 3241 tractat
584 3183 617 3240 cl.
634 3181 666 3240 N
667 3182 778 3253 eander,
794 3181 967 3258 Allpemeiue
981 3181 1139 3241 Gammae
1151 3182 1203 3240 der
1217 3179 1405 3241 Olmiatliclren

361 3279 495 3356 Religion
508 3281 574 3338 wnd
585 3279 700 3345 Kirclee
714 3278 730 3335 I
745 3279 754 3335 i
776 3300 803 3355 p.
822 3298 867 3354 29.

405 3378 428 3435 E
450 3377 605 3437 Pontificiis
625 3376 830 3436 vetustioribus
851 3377 987 3455 plerique,
1009 3377 1068 3435 sive
1089 3384 1123 3436 ut
1144 3376 1285 3453 Papsrum
1310 3394 1405 3434 succe-

361 3476 491 3536 dentium
513 3475 655 3553 majestati
678 3476 867 3547 consulerent,
890 3476 950 3534 sive
971 3476 1049 3554 quod
1072 3474 1249 3534 Clementem
1272 3481 1403 3533 nostrum

361 3596 378 3633 a
395 3575 494 3633 Flavio
515 3575 564 3633 illo
586 3574 742 3639 Clemente.
757 3573 820 3630 tiro
841 3574 992 3641 consulari,
1007 3575 1056 3651 qui
1072 3574 1231 3632 Domitiani
1248 3573 1331 3650 jussu
1351 3593 1405 3649 pro

362 3672 476 3732 Christo
497 3672 637 3737 occubuit,
660 3672 731 3750 (vid.
753 3672 838 3730 Dion.
855 3672 933 3732 Hist.
951 3673 1034 3731 Rom.
1050 3673 1121 3730 lxvii
1147 3671 1195 3750 ιι)
1217 3691 1320 3748 parum
1340 3670 1405 3728 dili·

245 3838 251 3849 ,
360 3777 462 3848 genter
479 3770 681 3842 discernerent,
695 3790 761 3828 eum
776 3774 819 3828 “e
838 3776 952 3829 vetusta
971 3770 1105 3849 prosapia
1125 3770 1297 3829 Senatorum
1318 3776 1405 3845 atque

362 3873 378 3900 “
388 3870 475 3928 etiem
490 3869 629 3946 exstirpe
644 3868 826 3932 Caesarum.''
840 3875 874 3925 ut
888 3868 1022 3927 Eucherii
1037 3868 1131 3927 verbis
1144 3876 1218 3940 utar,
1233 3876 1330 3926 ortum
1344 3887 1405 3926 esse

360 3967 563 4045 perhibebant:
578 3966 635 4025 vid.
652 3965 742 4043 Epist.
760 3965 875 4023 Persen
891 3966 928 4022 ad
941 3965 1135 4031 Valerianum,
1150 3967 1248 4043 Magn
1265 3964 1401 4024 Biblioth.

361 4065 440 4125 Vett.
458 4066 531 4124 Patt.
547 4063 622 4122 IIIi
643 4084 670 4141 p.
689 4076 723 4137 77
729 4078 757 4137 5.
790 4063 990 4122 Tillemontius
1002 4071 1107 4137 autem,
1122 4063 1284 4129 Mernoires,
1299 4062 1320 4120 ii
1338 4082 1402 4138 149,

361 4183 398 4222 ex
412 4163 543 4240 Epistola
557 4163 566 4220 i
588 4163 621 4239 ξς
634 4184 662 4233 4,
679 4180 726 4236 31,
742 4175 790 4233 55,
804 4160 859 4219 sibi
873 4161 951 4219 visus
967 4169 1011 4222 est
1025 4161 1158 4240 colligere
1173 4161 1352 4220 Clementem
1367 4181 1404 4219 ex

361 4263 450 4340 stirpe
464 4261 586 4320 Judaica
599 4280 660 4319 esse
674 4259 792 4318 editum.
835 4259 909 4319 Vide
926 4260 964 4319 sis
978 4260 1053 4319 infra
1072 4281 1099 4338 p.
1119 4280 1156 4318 20
1177 4260 1194 4319 l
1209 4280 1255 4335 13,
1268 4260 1305 4317 ad
1318 4280 1404 4336 quem

361 4362 456 4420 locum
480 4367 580 4420 notare
603 4359 742 4417 debebam
767 4358 969 4417 Constantium
997 4359 1169 4419 seutentiam
1197 4379 1278 4417 suam
1304 4365 1406 4437 postes

362 4460 523 4519 mutavisse.
567 4458 609 4518 cf.
634 4457 725 4535 Epist.
744 4456 827 4514 Rom.
851 4457 954 4518 Pontii.
976 4479 1023 4536 pp.
1038 4477 1071 4515 11
1088 4465 1119 4518 et
1140 4478 1186 4529 41.
1229 4454 1404 4516 Tillemontii

361 4557 533 4617 sententiam
546 4558 696 4635 amplexus
710 4562 753 4615 est
769 4554 869 4614 Herm
882 4556 1019 4629 Venems,
1033 4565 1067 4615 ut
1081 4556 1185 4615 exinde
1202 4561 1404 4632 argumentum

362 4655 515 4714 deduceret
528 4664 628 4714 contra
642 4656 802 4733 Epistolam
821 4655 1018 4732 posteriorem,
1033 4656 1114 4732 cujus
1133 4654 1256 4730 scriptor
1270 4673 1331 4712 sese
1349 4653 1405 4711 ori·

362 4753 429 4831 gine
448 4754 592 4812 Gentilem
613 4762 711 4832 aperte
731 4755 835 4833 prodit.

404 4852 582 4911 Clementem
594 4871 654 4910 esse
668 4853 841 4918 Romanum,
861 4873 918 4910 non
939 4859 1036 4910 autem
1050 4850 1287 4920 Alexandrinum,
1302 4848 1360 4926 qui,
1375 4847 1405 4905 in

363 4951 538 5029 Fragments
553 4949 635 5007 Parvi
651 4951 829 5028 Labyrinthi,
845 4951 915 5008 Caio
930 4950 1100 5027 Presbytero
1114 4950 1233 5009 forsitan
1250 4946 1405 5017 tribuendi,

363 5057 602 5109 commemorat-ur
622 5048 698 5108 inter
719 5050 879 5127 Scriptores
899 5070 917 5107 a
937 5049 1040 5126 quibus
1062 5048 1170 5106 Christi
1191 5047 1335 5106 Divinitas
1355 5045 1405 5103 sd-

362 5148 491 5220 struitur,
506 5167 559 5224 pro
572 5154 651 5205 certo
664 5147 750 5206 hahet
764 5147 915 5217 Beothius,
930 5146 1021 5223 Reliq.
1038 5146 1114 5204 Sacr.
1130 5146 1149 5204 ii
1169 5162 1232 5219 145.
