3250 6617
471 1045 531 1108 DE
554 1047 586 1109 S.
604 1047 782 1111 IGNA'I'II
805 1048 1044 1112 EPIS'I'OLIS.
1217 1049 1284 1114 xliii

242 1214 276 1277 in
290 1237 405 1279 novam
426 1216 518 1300 plane
539 1218 729 1283 sententiam
751 1219 789 1283 de
809 1227 913 1285 aetate
929 1221 1114 1305 Impostoris
1129 1222 1284 1307 delapsus,

242 1318 381 1402 miraque
403 1343 475 1384 suae
497 1324 690 1406 conjecturae
715 1322 878 1388 dulcedine
900 1332 1020 1410 captus,
1041 1326 1284 1391 controversiam

241 1421 322 1485 hanc
350 1445 468 1507 magna
496 1425 593 1488 animi
622 1426 822 1491 contentione
845 1428 1083 1513 redintegravit,
1109 1436 1142 1493 et
1170 1429 1284 1512 grandi

242 1525 400 1589 volumine
415 1527 560 1591 adversus
575 1552 682 1592 omnes
697 1552 960 1615 quarumcumque
977 1532 1009 1595 S.
1021 1531 1142 1616 Ignatii
1156 1533 1283 1616 Episto-

241 1627 343 1690 larum
364 1629 538 1693 defensores
555 1630 618 1694 late
641 1632 825 1716 disputavit.
871 1634 937 1696 Sub
961 1636 1027 1719 ejus
1050 1635 1136 1699 enim
1158 1636 1285 1700 nomine

241 1732 425 1816 prodierunt
440 1741 461 1771 “
471 1734 520 1797 De
536 1734 667 1818 Scriptis
685 1758 763 1819 quae
784 1736 842 1799 sub
858 1737 1003 1821 Dionysii
1018 1739 1237 1822 Areopagitae,
1253 1744 1285 1802 et

243 1843 264 1873 “
280 1835 400 1918 Ignatii
416 1837 607 1901 Antiocheni
622 1839 800 1903 nominibus
816 1840 1086 1919 circumferuntur,
1097 1842 1185 1905 Libri
1198 1842 1284 1907 Duo:

243 1946 265 1975 “
280 1938 393 2021 quibus
411 1940 675 2019 demonstratur,”
691 1942 739 2004 uti
761 1944 896 2026 praefert
917 1943 1052 2021 Titulus,
1072 1944 1157 2007 “illa
1178 1944 1284 2007 subdi·

244 2042 353 2105 “titia
372 2065 447 2120 esse,
468 2043 523 2106 diu
544 2052 617 2128 post
636 2045 829 2129 Martyrum,
852 2047 965 2130 quibus
989 2048 1067 2112 falso
1089 2048 1285 2125 tribuuntur,

244 2152 265 2182 “
280 2145 401 2209 obitum
418 2147 523 2210 fieta.'’
551 2150 643 2230 (Gen.
660 2150 764 2232 1666.)

286 2250 331 2311 Et
352 2249 477 2334 quidem
499 2251 537 2314 de
560 2251 739 2314 indubitata
762 2252 975 2335 suppositione
999 2254 1184 2338 scriptorum
1208 2254 1284 2318 Dio·

243 2353 326 2437 nysii
355 2353 566 2436 Areopagitae
596 2354 723 2418 Dallaeo
761 2354 853 2438 plane
889 2356 1058 2419 assentitur
1090 2356 1263 2421 Pearsonus
1275 2383 1284 2435 3

243 2456 337 2541 idque
358 2463 452 2540 putat
473 2465 547 2521 ante
570 2457 745 2535 Dallaeum,
769 2458 982 2535 Sirmondum,
1006 2458 1181 2537 Patavium,
1203 2461 1285 2524 Lau·

243 2582 373 2644 noyum,
390 2559 563 2638 Morinum,
580 2560 728 2644 aliosque,
744 2561 795 2624 vel
809 2560 886 2643 ipsis
901 2561 1074 2625 Pontificiis
1089 2563 1285 2645 persuasisse.

246 2663 308 2727 Sed
337 2663 376 2726 de
404 2670 507 2727 aetate
533 2664 690 2741 Auctoris,
718 2663 772 2747 qui
801 2687 837 2728 ea
867 2664 990 2748 scripsit
1020 2673 1052 2729 et
1077 2667 1287 2750 Areopagitae

244 2765 418 2850 supposuit,
433 2766 609 2850 quicunque
624 2767 697 2843 fuit,
713 2767 752 2829 ab
768 2789 803 2830 eo
818 2789 944 2850 prorsus
959 2767 1116 2832 dissentit.

288 2869 336 2932 De
366 2868 496 2951 Ignatio
524 2868 681 2951 duplicem
711 2868 859 2932 Dallaeus
888 2870 1035 2952 proponit
1064 2870 1287 2954 quaestionem,

245 2994 377 3056 quarum
398 2970 501 3054 prima
522 2971 598 3034 haec
620 2977 678 3048 est,
701 2972 787 3034 “An
809 2995 917 3035 omnes
937 2973 1108 3056 Epistolae,
1129 2996 1208 3057 quae
1229 2972 1288 3037 sub
1400 3058 1402 3061 Ι

245 3076 347 3158 “ejus
373 3073 499 3137 nomine
529 3073 801 3152 circumferuntur,
832 3075 970 3159 ejusdem
1002 3075 1067 3138 sint
1096 3075 1287 3158 parentis?”

246 3178 339 3242 Hanc
360 3183 459 3261 negat
469 3203 479 3254 ,·
511 3199 612 3261 neque
634 3176 807 3241 Pearsonus
834 3179 980 3256 affirmat,
1003 3184 1059 3241 aut
1080 3178 1120 3242 do
1141 3201 1178 3242 ea
1199 3179 1288 3242 litem

246 3287 361 3345 movet.
408 3280 553 3344 Secunda
575 3281 716 3364 quaestio
739 3289 797 3358 est,
824 3281 910 3344 “An
936 3304 1043 3345 earum
1064 3281 1289 3365 Epistolarum,

250 3392 271 3422 “
285 3407 363 3467 quae
387 3389 463 3448 sunt
488 3384 528 3447 ab
552 3384 686 3448 Eusebio
713 3390 745 3448 et
771 3384 966 3468 Hieronymo
993 3395 1191 3462 memoratae,
1218 3407 1290 3449 vere

246 3493 390 3550 “auctor
415 3487 458 3551 sit
481 3486 530 3549 vir
555 3485 770 3549 sanctissimus
796 3486 955 3570 Ignatius,
979 3486 1033 3570 qui
1059 3510 1141 3550 anno
1165 3487 1289 3572 Trajani

247 3590 446 3654 “undecimo
465 3588 653 3673 martyrium
672 3589 791 3653 Romae
815 3590 888 3654 fecit
900 3590 940 3651 ?'’
986 3590 1079 3653 Hanc
1101 3591 1153 3654 ille
1174 3591 1291 3673 pariter

247 3698 360 3777 negat:
392 3694 565 3757 Pearsonus
591 3692 677 3756 nullo
702 3693 794 3756 modo
817 3693 998 3776 negandum
1020 3700 1124 3776 putat,
1148 3697 1181 3757 et
1202 3692 1288 3757 omni

246 3797 472 3861 asseveratione
486 3796 591 3879 potius
606 3797 753 3873 affirmat,

290 3899 317 3962 I.
342 3897 507 3982 Scripsisse
530 3896 648 3981 aliquas
670 3896 840 3980 Epistolas,
858 3919 922 3960 non
944 3903 1042 3980 negat
1064 3897 1231 3975 Dallaeus3
1258 3904 1291 3961 et

247 4025 286 4067 ne
301 4001 373 4065 talis
388 4001 448 4085 ipsi
463 4002 633 4084 affingatur
647 3999 814 4077 sententia,
831 4023 1028 4084 summopere
1042 4006 1142 4064 cavet.

289 4105 336 4168 II.
360 4104 517 4188 Epistolas
542 4126 603 4180 eas,
628 4126 704 4188 quas
733 4126 819 4166 nunc
848 4103 999 4168 habemus
1028 4104 1063 4166 in
1087 4103 1290 4168 Editionibus

249 4208 367 4274 Usserii
391 4215 423 4272 et
446 4207 551 4272 Vossii
579 4207 619 4269 ab
648 4207 837 4271 assumentis
862 4207 985 4285 liberas,
1010 4209 1134 4271 easdem
1161 4206 1288 4271 omnino

246 4335 323 4390 esse,
353 4335 429 4396 quas
458 4309 569 4373 habuit
598 4309 762 4387 Eusebius,
792 4334 865 4374 cum
895 4310 1059 4375 Blondello
1088 4334 1144 4374 suo
1173 4310 1292 4373 fatetur

248 4415 405 4480 Dallaeus.

292 4518 357 4581 III.
380 4516 538 4601 Epistolas
563 4515 644 4593 illas,
668 4538 744 4598 quas
770 4516 883 4580 habuit
907 4515 1072 4593 Eusebius,
1096 4516 1136 4578 ab
1163 4514 1290 4599 Ignatio

248 4622 379 4706 scriptas
402 4621 497 4684 fuisse
521 4626 638 4703 negat3
670 4620 709 4683 ab
729 4620 905 4703 Impostore
926 4619 1030 4702 aliquo
1053 4620 1141 4682 fictas
1163 4625 1196 4682 et
1217 4642 1290 4702 sup·

248 4725 365 4810 positas
388 4726 534 4788 affirmat.
591 4723 800 4806 Impostorem
827 4723 928 4802 illum,
952 4745 1016 4786 non
1045 4722 1126 4786 cirea
1153 4722 1291 4786 medium

247 4831 377 4897 secundi
407 4828 532 4907 saeculi,
562 4834 600 4891 ut
628 4828 812 4892 Albertinus
824 4854 833 4905 3
868 4850 931 4892 non
960 4828 1019 4891 sub
1048 4827 1212 4892 Antonino
1242 4827 1292 4892 vel

249 4933 299 4997 M.
325 4931 464 5009 Aurelio,
495 4937 533 4994 ut
563 4930 751 5008 Salmasius;
786 4953 851 4994 non
880 4929 988 4993 statim
1017 4935 1089 5015 post
1119 4928 1292 4994 Clementis

251 5033 456 5098 Alexandrini
483 5033 715 5111 dormitionem,
737 5034 803 5097 sive
828 5039 955 5098 centum
977 5032 1016 5096 ab
1043 5031 1165 5117 Ignatii
1191 5037 1292 5096 morte

250 5137 351 5215 aunis,
367 5144 403 5201 ut
418 5137 622 5215 Blondellus;
646 5136 700 5202 sed
713 5135 876 5222 praecipiti
891 5135 985 5198 tertio
1000 5135 1120 5199 sacculo
1136 5133 1293 5217 Epistolas

894 5239 912 5301 f
923 5257 942 5304 2
