3250 6617
652 1133 908 1199 MONITUM.
1237 1132 1280 1196 vii

292 1309 467 1384 Versione
485 1309 617 1383 Latina
641 1309 679 1382 in
698 1307 899 1384 Clementis
914 1305 1078 1406 reliquiis
1094 1332 1184 1380 usus
1200 1332 1283 1380 sum

241 1434 474 1510 Coteleriana
489 1434 535 1508 ab
554 1433 684 1533 Ittigio
702 1442 741 1507 et
758 1433 938 1507 Wottono
958 1430 1091 1505 reficta
1144 1429 1284 1531 Ignatii

242 1567 279 1633 et
301 1558 490 1659 Polycarpi
516 1556 700 1657 Epistolis,
727 1583 868 1631 necnon
897 1555 1036 1656 Ignatii
1061 1554 1167 1629 Actis
1193 1553 1284 1628 Ver·

243 1685 359 1759 aiones
384 1683 553 1783 antiquas
578 1681 741 1782 apposui,
768 1679 939 1755 barbaras
964 1679 1124 1778 quidem,
1147 1679 1213 1754 sed
1237 1678 1286 1754 ad

243 1810 395 1884 verbum
419 1808 578 1883 fideliter
603 1833 801 1907 expressae,
821 1806 876 1880 ita
900 1815 945 1879 ut
967 1804 1144 1881 Codicum
1169 1805 1286 1878 vicem

245 1931 402 2030 quodam
435 1930 542 2005 modo
575 1940 771 2030 praestent.
840 1929 1062 2028 Martyrium
1097 1925 1286 2027 Polycarpi

245 2056 440 2129 comitatur
456 2054 604 2128 “versio
621 2053 681 2128 vel
705 2052 947 2152 metaphrasis
970 2051 1113 2152 potius''
1129 2079 1240 2150 quam
1266 2079 1286 2126 e

246 2178 359 2255 Codd.
379 2178 511 2254 Sarisb.
530 2188 569 2252 et
586 2177 732 2253 Cotton.
751 2176 838 2251 olim
854 2176 969 2251 edidit
986 2175 1170 2252 Usserius.

297 2425 459 2513 Codices,
476 2425 610 2524 quibus
626 2452 716 2499 usus
733 2450 824 2512 sum,
841 2424 881 2497 hi
900 2434 1009 2500 sunt:

249 2559 288 2623 In
309 2559 471 2624 Clemente
492 2560 645 2639 Romano,
661 2560 782 2638 unicus,
800 2581 913 2643 nempe
927 2558 1169 2623 Alexandrinus.
1213 2558 1288 2623 Vid.

289 2662 365 2726 Tab.
380 2662 644 2748 lithographicam
660 2662 687 2726 Ι.

249 2799 289 2863 In
305 2799 444 2884 Ignatio,
460 2797 862 2876 Mediam-Laurentianus,
877 2797 962 2862 Plut.
977 2797 1034 2861 lvii
1051 2820 1139 2861 num.
1156 2813 1174 2881 7
1190 2820 1289 2862 mem·

291 2902 471 2981 branaceus,
487 2902 520 2965 in
535 2923 557 2984 4
571 2901 692 2987 majori,
707 2923 800 2985 quem
820 2900 941 2965 saeculo
960 2900 1126 2965 undecimo
1141 2899 1291 2966 adscribit

293 3003 479 3082 Bandinius,
495 3002 596 3067 Catal.
612 3002 636 3066 ii
658 3003 715 3067 col.
732 3002 806 3089 348.
852 3002 926 3066 Vid.
942 3003 1018 3067 Tab.
1032 3002 1079 3068 II.

250 3140 278 3203 Ε
294 3139 442 3204 Dresselii
457 3138 605 3204 Editicne
621 3139 768 3204 lectiones
788 3144 952 3203 mutinum
971 3161 1042 3202 sum
1058 3138 1182 3203 Codicis
1196 3139 1291 3204 Casa·

294 3244 443 3322 natensis,
459 3244 505 3308 ita
519 3244 559 3308 ab
577 3243 631 3307 illo
646 3243 713 3307 viro
731 3242 911 3308 doctissimo
934 3242 1100 3326 descripti:
1124 3250 1145 3281 “
1157 3242 1291 3308 Charta·

295 3357 316 3386 “
331 3371 413 3425 oeus,
428 3347 574 3412 foliorum
596 3346 837 3426 octonariorum,
852 3370 917 3411 non
938 3369 1002 3410 una
1015 3346 1183 3430 eademque
1196 3369 1293 3412 manu

295 3461 316 3490 “
331 3451 476 3535 scriptus,
488 3450 601 3515 saeculi
613 3450 710 3514 XV.”
732 3450 890 3535 Epistulas
904 3472 1017 3515 novem
1032 3449 1170 3528 exhibet,
1181 3472 1294 3535 nempe

294 3555 417 3620 eusdem
432 3562 453 3593 “
462 3577 539 3638 quaa
555 3553 583 3618 Ι.
594 3553 725 3619 Vossius
744 3576 783 3618 ex
801 3553 937 3638 pretioso
952 3553 1006 3617 illo
1021 3552 1136 3617 Codice
1151 3553 1294 3619 Mediceo

295 3659 415 3742 primus
444 3657 640 3741 evulgavit.'’
685 3656 841 3722 Dresselio
870 3657 955 3720 hunc
985 3657 1062 3721 Cod.
1092 3656 1296 3741 perlustranti

296 3761 458 3826 Mediceus
487 3760 558 3825 fons
586 3766 680 3846 atque
709 3761 868 3844 exemplar
895 3760 991 3824 fuisse
1020 3759 1075 3823 diu
1104 3759 1190 3824 visus
1227 3766 1294 3837 est,

296 3871 405 3950 postea
421 3887 495 3930 vero
517 3870 647 3949 uterque
668 3871 727 3929 ‘ex
749 3865 859 3928 eodem
879 3862 1093 3929 vetustissimo
1114 3862 1295 3948 archetypo,

297 3991 352 4052 per
387 3968 536 4052 ambages
571 3967 709 4053 quidem,
738 3989 898 4032 emanasse
909 3967 931 4045 3'
968 3971 1001 4032 et
1030 3965 1234 4030 casanatensi
1261 3965 1297 4030 in

299 4071 408 4136 multis
433 4071 509 4135 locis
534 4071 605 4156 plus
629 4070 826 4135 auctoritatis
852 4069 1055 4134 tribuendum
1080 4090 1146 4133 esse
1171 4068 1298 4153 putavit

298 4197 392 4260 quam
407 4173 561 4238 Medioeo.

342 4278 420 4343 cod.
439 4293 517 4360 1451
541 4276 628 4360 (olim
641 4276 717 4360 460)
738 4275 951 4340 Bibliothecae
970 4275 1088 4359 Regiae
1103 4272 1297 4353 Parisiensis,
1385 4329 1387 4332 Α

300 4381 563 4458 membranaceus,
578 4379 706 4444 exhibet
720 4378 822 4464 Epist.
839 4379 880 4442 ad
894 4378 1062 4456 Romanos,
1078 4401 1156 4463 quae
1170 4377 1204 4441 in
1219 4377 1297 4441 Cod.

300 4480 443 4546 Mediceo
465 4480 564 4558 deest,
583 4481 670 4565 cujus
692 4479 869 4543 omissionis
890 4479 967 4544 haec
986 4479 1110 4543 Smitho
1125 4502 1199 4545 vera
1219 4479 1299 4543 ratio

300 4607 365 4650 esse
381 4584 515 4661 videtur,
537 4584 621 4668 quod
643 4583 677 4646 in
691 4582 782 4646 Actis
800 4581 950 4667 Martyrii
965 4581 1087 4666 Ignatii
1108 4605 1228 4667 semper
1249 4605 1298 4647 so·

301 4688 358 4752 lita
372 4686 467 4752 fuerit
480 4686 647 4771 interponi.
692 4685 774 4749 Vide
788 4684 831 4749 sis
847 4685 929 4748 infra
942 4709 973 4770 p.
986 4685 1059 4771 378.

345 4790 386 4853 In
401 4790 478 4854 Cod.
496 4806 535 4876 37
553 4788 687 4873 Collegii
709 4787 849 4853 Caiensis
870 4787 1103 4873 cantabrigiae,
1118 4795 1189 4872 post
1206 4788 1299 4853 Pear·

302 4917 413 4958 sonum
429 4901 461 4956 et
477 4892 649 4970 Smithum‚
662 4891 779 4956 contuli
791 4891 977 4957 Versionem
992 4898 1129 4956 veterem
1142 4892 1299 4956 Latinam.

302 4999 376 5062 Vid.
394 4999 474 5061 infra
488 5021 518 5081 p.
529 4997 636 5061 xxxvi.

260 5139 300 5200 In
330 5136 492 5222 Polycarpi
524 5135 675 5220 Epistola,
706 5135 782 5200 cod.
805 5135 949 5200 Vatican.
981 5137 1022 5200 fo.
1049 5135 1123 5220 859,
1147 5135 1300 5199 membra·
