3250 6617
463 1064 527 1130 AD
548 1066 839 1147 CORINTHIOS,
855 1070 918 1133 xxi.
1174 1076 1216 1143 97

172 1234 244 1309 Dei
260 1234 482 1325 erudiamus,
498 1263 632 1313 uxores
655 1248 800 1314 nostras
825 1240 873 1314 ad
896 1240 936 1315 id
957 1243 1057 1340 quod
1081 1240 1217 1315 bonum

170 1360 229 1427 est
255 1353 515 1431 emendemus:
540 1354 714 1430 amabiles
742 1356 924 1431 eastitatis
953 1384 1071 1431 mores
1097 1366 1217 1431 osten-

171 1466 274 1557 dant,
295 1496 428 1569 puram
447 1480 488 1545 et
515 1471 693 1546 sineeram
721 1473 1015 1548 mansuetudinis
1041 1502 1128 1549 suae
1154 1502 1216 1548 vo-

170 1582 356 1661 luntatem
373 1585 634 1675 demonstrent
650 1588 798 1689 linguae
823 1616 911 1664 suae
932 1590 1218 1666 moderationem

174 1700 272 1776 vocis
286 1700 443 1779 lenitate
458 1704 690 1779 manifestam
706 1705 852 1793 faciant,
870 1706 1086 1781 charitatem
1103 1734 1217 1793 suam,

172 1814 253 1893 eine
277 1818 355 1893 ullo
382 1821 546 1920 partium
574 1822 709 1911 studio,
739 1823 907 1898 omnibus
938 1824 1060 1898 Deum
1093 1834 1218 1898 sancte

170 1932 401 2025 timentibus,
417 1964 544 2038 psrem
568 1938 787 2014 exhibeant:
812 1938 951 2038 filiique
973 1940 1089 2014 vestri
1113 1940 1219 2015 disei-

169 2048 295 2151 plinae
329 2052 469 2129 Christi
503 2055 700 2155 participes
737 2055 824 2143 sint,
857 2055 1001 2131 discant
1037 2065 1218 2156 quantum

169 2164 364 2245 humilitas
389 2173 489 2271 apud
514 2172 638 2247 Deum
659 2171 791 2260 valeat,
817 2173 908 2273 quid
935 2181 1037 2248 easta
1061 2173 1219 2248 charitas

169 2280 274 2381 apud
306 2281 429 2357 Deum
470 2286 597 2385 possit,
638 2287 947 2386 quemadmodum
988 2288 1098 2362 timor
1139 2288 1218 2389 ejus

169 2396 292 2473 bonus
308 2407 367 2475 est
383 2409 422 2473 et
437 2426 604 2501 magnus,
620 2429 771 2477 servans
789 2430 914 2478 onmes
936 2404 1002 2504 qui
1023 2432 1106 2479 cum
1126 2431 1220 2504 pura

169 2525 298 2592 mente
326 2516 474 2617 inipso
502 2528 627 2593 sancte
656 2528 875 2610 versantur;
909 2530 967 2595 est
995 2521 1093 2595 enim
1123 2522 1381 2621 cogi-seusu.

168 2632 358 2709 tationum
391 2644 431 2710 et
455 2635 686 2711 oonsiliorum
718 2636 854 2711 mentis
887 2647 1080 2726 scrutator,
1114 2638 1218 2739 eujus

170 2748 328 2849 spiritus
349 2760 409 2825 est
429 2751 469 2825 in
492 2751 608 2839 nobis,
629 2761 670 2827 et
691 2778 807 2851 quum
827 2752 911 2827 vult
930 2752 1053 2829 aufert
1074 2780 1168 2829 eum

167 3014 278 3077 demat
291 3018 391 3093 porle
409 3018 511 3079 νίὶννων
529 3018 627 3079 caea
641 3019 677 3079 de
716 3020 793 3078 xime
807 3020 884 3097 quod
899 3020 995 3097 paullo
1008 3020 1139 3098 superius
1152 3022 1220 3079 seri-

168 3098 251 3157 lem
259 3098 380 3175 perolas.
715 3101 806 3179 pserit
817 3101 845 3159 S.
856 3101 941 3161 Pster
951 3101 981 3159 in
995 3102 1088 3179 prims
1100 3122 1221 3179 persone

213 3179 252 3239 ib.
273 3182 320 3253 τὴν
333 3184 433 3256 ἆγόπην
454 3178 548 3277 οὖννῦν]
577 3179 605 3240 S.
622 3181 676 3240 Po·
717 3184 896 3256 ε’ννροπῶμεν.
912 3228 918 3240 .
935 3228 941 3241 .
957 3186 1114 3253 dautem
1128 3190 1217 3242 mit.

168 3260 305 3339 lyeerpus
316 3262 422 3321 similis
433 3262 520 3323 hebet
538 3284 569 3321 ur
583 3263 675 3340 Epist.
718 3263 766 3324 Sic
789 3273 819 3323 et
842 3264 984 3336 Davisius,
1006 3265 1156 3324 Pottorum
1177 3286 1220 3324 se-

168 3342 347 3421 ndPhilipp
363 3340 392 3426 [ἦ
402 3341 433 3426 4]
446 3346 600 3419 Ἀγπῶσας
612 3348 675 3402 πάν-
715 3352 806 3404 cutus.
843 3344 900 3404 Sed
922 3367 979 3404 non
1003 3353 1054 3417 est,
1073 3367 1137 3405 meo
1159 3347 1220 3424 qui-

167 3448 218 3485 m
239 3427 271 3497 Ιξ
295 3426 357 3483 ἴσον
383 3428 412 3483 ἐν
435 3430 507 3499 πίνῃ
533 3428 674 3501 ἐγκρατείᾳ.
715 3426 781 3485 dem
799 3427 917 3504 judicio,
939 3447 990 3486 eur
1008 3427 1121 3487 Codicis
1141 3428 1220 3487 MSti

169 3504 356 3567 wot'l'ou.
715 3507 832 3567 lectioni
849 3509 911 3566 vim
931 3508 1091 3567 inferamus.
1135 3509 1219 3582 Quod

214 3588 243 3647 6.
265 3591 301 3662 μὴ
326 3592 390 3646 κατὰ
414 3590 595 3665 προσκλίνας]
620 3586 676 3647 Co·
715 3589 792 3648 enim
805 3590 951 3667 scripserit
970 3590 1101 3649 Clemens
1114 3591 1219 3650 Roma-

168 3667 291 3731 alatus
315 3670 428 3730 eonfert
453 3690 467 3729 1
493 3670 566 3729 'l'im
585 3689 606 3729 v
629 3688 676 3742 αι,
716 3690 770 3729 nus
787 3674 834 3730 τὰς
852 3676 969 3745 γυναῖκας
989 3672 1065 3743 ἡμῶν,
1086 3671 1116 3729 in
1136 3692 1221 3730 osuss

168 3754 417 3826 Ἀθὺπωὸνωτᾶ
430 3755 593 3828 πρόσκλισιν.
716 3752 772 3812 fult
802 3753 923 3811 verbum
956 3754 1160 3826 διορθωσῶμεθα,
1186 3762 1221 3813 ut

213 3846 242 3909 7.
266 3836 356 3901 deles
382 3833 442 3906 ἴσην
466 3828 672 3912 παρεχέτωσαν]
716 3833 841 3891 sermoni
854 3834 917 3911 jam
937 3833 967 3891 in
987 3832 1082 3909 prims
1100 3853 1221 3910 persona

171 3912 284 3973 Birt-ins
295 3920 381 3994 putet
394 3918 474 3974 saus
485 3914 523 3973 ed
537 3914 676 3973 foeminss
716 3915 850 3974 instituto
877 3915 1019 3973 sententia
1041 3924 1218 3992 congrueret.

170 3994 349 4057 Christianus
383 3996 572 4067 referendum,
604 4014 677 4073 quus
716 3996 814 4071 Quum
827 4003 924 4054 sutem
944 3996 991 4053 hie
1009 3995 1065 4054 elio
1078 3996 1219 4055 scribendi

170 4096 277 4157 uunpe
297 4078 399 4139 dooeet
421 4077 450 4139 s
471 4078 558 4137 Pster
580 4076 677 4136 Deum
716 4097 821 4156 genere
833 4083 941 4151 utetur,
949 4076 1094 4154 scripsisse
1103 4077 1220 4137 omnino

169 4159 341 4221 timentibus
382 4158 512 4221 utitatis
551 4158 677 4218 officium
716 4159 873 4218 censendus
888 4162 1009 4216 τὰτέκνα
1027 4162 1102 4231 ὑμῶν.
1123 4158 1218 4219 GAL-

171 4240 309 4301 exhibere
331 4244 419 4315 et«,
442 4241 461 4300 i„
483 4260 507 4300 e
527 4247 610 4315 tyrs:
635 4243 677 4296 καὶ
716 4239 908 4300 LANDIUS.

170 4322 594 4401 &estepanum
613 4324 677 4378 κατὰ
760 4340 806 4381 12.
836 4325 863 4379 ἐν
888 4323 983 4395 καθαρᾷ
1010 4317 1125 4401 διανοίᾳ]
1155 4320 1219 4380 Cle-

169 4406 348 4481 ψωνλίνω.
378 4403 567 4481 Hineitsque
579 4402 675 4462 losum
715 4422 796 4464 mens
808 4402 891 4461 Alex„
908 4406 935 4459 ἐν
948 4404 1043 4475 καθαρᾷ
1056 4405 1151 4475 καρδίᾳ.

169 4486 213 4547 flio
232 4485 567 4563 diffingulbrdrdynss
583 4488 674 4552 αιήὐν,
759 4499 803 4558 15.
825 4485 909 4541 ἇνὲλει
938 4484 1019 4554 αὐτήν.
1071 4482 1119 4542 Ita
1146 4482 1216 4542 (lod.

168 4570 206 4643 μ)
228 4572 293 4626 med
314 4568 492 4643 προσκλίνας,
514 4568 584 4623 ἀλλὰ
608 4570 675 4623 πᾶσι
715 4565 777 4625 MS.
798 4573 828 4624 et
847 4564 979 4624 Clemens
1038 4564 1218 4637 exandrinus,

167 4656 224 4711 ννῖν
245 4650 418 4725 φοβονμῖιυνν
436 4652 483 4707 τὸν
503 4652 575 4721 aee,
596 4650 675 4706 ass
714 4667 742 4725 p.
766 4649 823 4704 612
846 4646 891 4705 ed.
913 4646 1020 4705 Potter.
1042 4664 1100 4704 non
1123 4647 1218 4713 ἀνελω,

167 4732 231 4805 lep
241 4733 432 4807 ναρνχίτνναν.
454 4728 659 4790 CALLAND.
713 4728 759 4789 uti
771 4728 802 4786 in
816 4727 896 4786 libris
909 4726 1054 4804 impressis
1062 4732 1130 4785 ente
1138 4726 1219 4786 Wot·

210 4816 239 4873 Β.
259 4816 299 4869 τὰ
323 4814 399 4870 π’κνα
423 4807 505 4892 ὑμὶν]
542 4810 676 4869 Clemens
714 4816 823 4870 tonum
886 4807 1027 4879 Davisius,
1055 4826 1141 4884 quem
1173 4827 1219 4868 se·

167 4891 393 4965 Alexandrinus,
405 4893 424 4952 l.
439 4912 462 4953 e
477 4894 554 4965 ἡμῦν.
596 4890 675 4950 Hine
714 4898 842 4969 quantur
856 4888 986 4947 Helelius
1006 4895 1036 4947 et
1050 4888 1217 4962 Dresselius,

168 4976 268 5057 quit
288 4976 424 5037 Pottorus
449 4978 489 5053 [p.
508 4975 566 5033 612
588 4992 616 5031 n.
638 4975 671 5048 5]
715 4981 779 5032 tum
801 4971 849 5031 hie
866 4980 930 5031 tum
950 4970 1027 5047 spud
1046 4969 1217 5029 Alexandri-

168 5076 321 5137 pcpenm
340 5056 399 5136 legi
422 5060 492 5129 ὑμῖν
510 5055 588 5133 apud
609 5054 674 5113 Cle-
713 5074 784 5113 num
803 5052 999 5130 reponendum
1019 5058 1116 5112 censet
1135 5054 1219 5111 ἀνελεῖ

169 5146 302 5201 mentm
321 5148 474 5211 nutum
492 5156 529 5199 eo
545 5136 591 5195 vel
609 5155 672 5195 me-
714 5136 744 5194 in
757 5136 864 5194 futuro.

213 5252 287 5301 Vola.
302 5254 326 5299 1.
764 5250 785 5293 0
