<?xml version="1.0" encoding="UTF-8"?>
<!DOCTYPE html PUBLIC "-//W3C//DTD XHTML 1.0 Transitional//EN"
    "http://www.w3.org/TR/xhtml1/DTD/xhtml1-transitional.dtd">
<html xmlns="http://www.w3.org/1999/xhtml" xml:lang="en" lang="en">
 <head>
  <title>
</title>
<meta http-equiv="Content-Type" content="text/html;charset=utf-8" />
  <meta name='ocr-system' content='tesseract 3.04.00' />
  <meta name='ocr-capabilities' content='ocr_page ocr_carea ocr_par ocr_line ocrx_word'/>
</head>
<body>
  <div class='ocr_page' id='page_1' title='image "./sclementisroman00polygoog_0486.png"; bbox 0 0 3250 6617; ppageno 0'>
   <div class='ocr_carea' id='block_1_1' title="bbox 608 1138 1025 1203">
    <p class='ocr_par' dir='ltr' id='par_1_1' title="bbox 608 1138 1025 1203">
     <span class='ocr_line' id='line_1_1' title="bbox 608 1138 1025 1203; baseline -0.005 -1"><span class='ocrx_word' id='word_1_1' title='bbox 608 1138 662 1202; x_wconf 83' lang='grc' dir='ltr'>ΕΤ</span> <span class='ocrx_word' id='word_1_2' title='bbox 686 1138 1025 1203; x_wconf 79' lang='lat' dir='ltr'>FORMULARUM.</span> 
     </span>
    </p>
   </div>
   <div class='ocr_carea' id='block_1_2' title="bbox 241 1315 794 5049">
    <p class='ocr_par' dir='ltr' id='par_1_2' title="bbox 245 1315 794 1876">
     <span class='ocr_line' id='line_1_2' title="bbox 245 1315 792 1388; baseline 0.004 -18"><span class='ocrx_word' id='word_1_3' title='bbox 245 1315 324 1388; x_wconf 72' lang='grc' dir='ltr'>Χήρα.</span> <span class='ocrx_word' id='word_1_4' title='bbox 366 1316 431 1388; x_wconf 81' lang='grc' dir='ltr'>Περὶ</span> <span class='ocrx_word' id='word_1_5' title='bbox 450 1315 547 1388; x_wconf 82' lang='grc' dir='ltr'>άγάπης</span> <span class='ocrx_word' id='word_1_6' title='bbox 564 1318 593 1370; x_wconf 77' lang='grc' dir='ltr'>οὐ</span> <span class='ocrx_word' id='word_1_7' title='bbox 609 1317 681 1386; x_wconf 88' lang='grc' dir='ltr'>με’λει</span> <span class='ocrx_word' id='word_1_8' title='bbox 701 1319 792 1386; x_wconf 79' lang='grc' dir='ltr'>αὐτοῖς,</span> 
     </span>
     <span class='ocr_line' id='line_1_3' title="bbox 285 1395 791 1474; baseline 0.004 -23"><span class='ocrx_word' id='word_1_9' title='bbox 285 1399 315 1451; x_wconf 79' lang='grc' dir='ltr'>οὐ</span> <span class='ocrx_word' id='word_1_10' title='bbox 342 1398 399 1469; x_wconf 84' lang='grc' dir='ltr'>περ1</span> <span class='ocrx_word' id='word_1_11' title='bbox 425 1396 513 1469; x_wconf 72' lang='grc' dir='ltr'>χήρας.</span> <span class='ocrx_word' id='word_1_12' title='bbox 538 1395 600 1474; x_wconf 81' lang='lat' dir='ltr'>Igu.</span> <span class='ocrx_word' id='word_1_13' title='bbox 625 1396 738 1472; x_wconf 77' lang='lat' dir='ltr'>Smyrn.</span> <span class='ocrx_word' id='word_1_14' title='bbox 764 1399 791 1454; x_wconf 84' lang='grc' dir='ltr'>ό.</span> 
     </span>
     <span class='ocr_line' id='line_1_4' title="bbox 285 1478 792 1552; baseline 0.006 -20"><span class='ocrx_word' id='word_1_15' title='bbox 285 1479 330 1535; x_wconf 79' lang='grc' dir='ltr'>τὰς</span> <span class='ocrx_word' id='word_1_16' title='bbox 355 1478 494 1550; x_wconf 77' lang='grc' dir='ltr'>παρθένους</span> <span class='ocrx_word' id='word_1_17' title='bbox 517 1480 563 1536; x_wconf 76' lang='grc' dir='ltr'>τὰς</span> <span class='ocrx_word' id='word_1_18' title='bbox 585 1481 723 1552; x_wconf 73' lang='grc' dir='ltr'>λεγομένας</span> <span class='ocrx_word' id='word_1_19' title='bbox 746 1480 792 1551; x_wconf 79' lang='grc' dir='ltr'>χή-</span> 
     </span>
     <span class='ocr_line' id='line_1_5' title="bbox 283 1561 791 1632; baseline 0.002 -19"><span class='ocrx_word' id='word_1_20' title='bbox 283 1581 337 1630; x_wconf 86' lang='grc' dir='ltr'>ρας.</span> <span class='ocrx_word' id='word_1_21' title='bbox 357 1577 400 1632; x_wconf 82' lang='lat'>13.</span> <span class='ocrx_word' id='word_1_22' title='bbox 443 1563 523 1632; x_wconf 79' lang='grc' dir='ltr'>Χῆραι</span> <span class='ocrx_word' id='word_1_23' title='bbox 540 1562 574 1630; x_wconf 77' lang='grc' dir='ltr'>μὴ</span> <span class='ocrx_word' id='word_1_24' title='bbox 590 1561 791 1631; x_wconf 83' lang='grc' dir='ltr'>ἀμελείσθωσαν.</span> 
     </span>
     <span class='ocr_line' id='line_1_6' title="bbox 284 1638 794 1717; baseline 0.002 -21"><span class='ocrx_word' id='word_1_25' title='bbox 284 1638 379 1717; x_wconf 79' lang='lat' dir='ltr'>Polyc.</span> <span class='ocrx_word' id='word_1_26' title='bbox 403 1661 431 1711; x_wconf 92' lang='lat'>4.</span> <span class='ocrx_word' id='word_1_27' title='bbox 474 1643 524 1698; x_wconf 81' lang='grc' dir='ltr'>Τὰς</span> <span class='ocrx_word' id='word_1_28' title='bbox 543 1641 624 1714; x_wconf 79' lang='grc' dir='ltr'>χηρας</span> <span class='ocrx_word' id='word_1_29' title='bbox 644 1641 794 1714; x_wconf 80' lang='grc' dir='ltr'>σωφρονοά·</span> 
     </span>
     <span class='ocr_line' id='line_1_7' title="bbox 283 1721 792 1798; baseline -0.002 -20"><span class='ocrx_word' id='word_1_30' title='bbox 283 1745 339 1780; x_wconf 88' lang='grc' dir='ltr'>σος.</span> <span class='ocrx_word' id='word_1_31' title='bbox 355 1721 450 1798; x_wconf 82' lang='lat' dir='ltr'>Polyc.</span> <span class='ocrx_word' id='word_1_32' title='bbox 467 1721 581 1792; x_wconf 88' lang='lat' dir='ltr'>Phil.4.</span> <span class='ocrx_word' id='word_1_33' title='bbox 622 1725 656 1793; x_wconf 77' lang='grc' dir='ltr'>μη</span> <span class='ocrx_word' id='word_1_34' title='bbox 670 1725 792 1792; x_wconf 80' lang='grc' dir='ltr'>ἀμελοῦν-</span> 
     </span>
     <span class='ocr_line' id='line_1_8' title="bbox 282 1803 466 1876; baseline 0.011 -18"><span class='ocrx_word' id='word_1_35' title='bbox 282 1803 422 1876; x_wconf 79' lang='grc' dir='ltr'>τεςχίηρας.</span> <span class='ocrx_word' id='word_1_36' title='bbox 439 1805 466 1860; x_wconf 89' lang='grc'>6.</span> 
     </span>
    </p>

    <p class='ocr_par' dir='ltr' id='par_1_3' title="bbox 243 1886 792 2039">
     <span class='ocr_line' id='line_1_9' title="bbox 243 1886 792 1958; baseline 0.004 -20"><span class='ocrx_word' id='word_1_37' title='bbox 243 1886 390 1958; x_wconf 86' lang='grc' dir='ltr'>Χιλίαρχος.</span> <span class='ocrx_word' id='word_1_38' title='bbox 433 1887 471 1940; x_wconf 77' lang='grc' dir='ltr'>Οὔ</span> <span class='ocrx_word' id='word_1_39' title='bbox 484 1887 576 1942; x_wconf 87' lang='grc' dir='ltr'>πάντες</span> <span class='ocrx_word' id='word_1_40' title='bbox 588 1886 792 1958; x_wconf 74' lang='grc' dir='ltr'>εἶσὶν...χιλιάρ-</span> 
     </span>
     <span class='ocr_line' id='line_1_10' title="bbox 283 1965 537 2039; baseline 0.016 -19"><span class='ocrx_word' id='word_1_41' title='bbox 283 1989 333 2037; x_wconf 91' lang='grc' dir='ltr'>χοι.</span> <span class='ocrx_word' id='word_1_42' title='bbox 350 1965 442 2023; x_wconf 83' lang='lat' dir='ltr'>Clem.</span> <span class='ocrx_word' id='word_1_43' title='bbox 460 1966 470 2021; x_wconf 87' lang='lat'>1</span> <span class='ocrx_word' id='word_1_44' title='bbox 487 1984 537 2039; x_wconf 83' lang='lat'>37.</span> 
     </span>
    </p>

    <p class='ocr_par' dir='ltr' id='par_1_4' title="bbox 243 2049 794 2202">
     <span class='ocr_line' id='line_1_11' title="bbox 243 2049 794 2120; baseline 0.004 -20"><span class='ocrx_word' id='word_1_45' title='bbox 243 2049 338 2104; x_wconf 88' lang='grc' dir='ltr'>Χιλιάς.</span> <span class='ocrx_word' id='word_1_46' title='bbox 381 2050 426 2105; x_wconf 80' lang='grc' dir='ltr'>τάς</span> <span class='ocrx_word' id='word_1_47' title='bbox 449 2049 582 2117; x_wconf 75' lang='grc' dir='ltr'>ἑξακοσίας</span> <span class='ocrx_word' id='word_1_48' title='bbox 605 2049 722 2120; x_wconf 76' lang='grc' dir='ltr'>χιλιάδας</span> <span class='ocrx_word' id='word_1_49' title='bbox 743 2054 794 2103; x_wconf 80' lang='grc' dir='ltr'>τῶν</span> 
     </span>
     <span class='ocr_line' id='line_1_12' title="bbox 282 2127 588 2202; baseline 0.003 -18"><span class='ocrx_word' id='word_1_50' title='bbox 282 2129 389 2202; x_wconf 78' lang='grc' dir='ltr'>ἀνδρῶν.</span> <span class='ocrx_word' id='word_1_51' title='bbox 406 2127 495 2187; x_wconf 81' lang='lat' dir='ltr'>Clem.</span> <span class='ocrx_word' id='word_1_52' title='bbox 511 2128 526 2184; x_wconf 98' lang='lat' dir='ltr'>I</span> <span class='ocrx_word' id='word_1_53' title='bbox 543 2147 588 2202; x_wconf 82' lang='lat'>43.</span> 
     </span>
    </p>

    <p class='ocr_par' dir='ltr' id='par_1_5' title="bbox 242 2209 792 2610">
     <span class='ocr_line' id='line_1_13' title="bbox 242 2209 791 2284; baseline 0.004 -19"><span class='ocrx_word' id='word_1_54' title='bbox 242 2212 386 2279; x_wconf 73' lang='grc' dir='ltr'>Χλευάζειν.</span> <span class='ocrx_word' id='word_1_55' title='bbox 423 2209 553 2284; x_wconf 83' lang='grc' dir='ltr'>Ἀφρονες</span> <span class='ocrx_word' id='word_1_56' title='bbox 569 2213 608 2265; x_wconf 74' lang='grc' dir='ltr'>καὶ</span> <span class='ocrx_word' id='word_1_57' title='bbox 622 2210 751 2268; x_wconf 80' lang='grc' dir='ltr'>άσὺνετοι.</span> <span class='ocrx_word' id='word_1_58' title='bbox 764 2257 770 2268; x_wconf 94' lang='grc'>.</span> <span class='ocrx_word' id='word_1_59' title='bbox 784 2255 791 2267; x_wconf 98' lang='grc'>.</span> 
     </span>
     <span class='ocr_line' id='line_1_14' title="bbox 282 2290 734 2365; baseline 0.002 -19"><span class='ocrx_word' id='word_1_60' title='bbox 282 2294 452 2365; x_wconf 73' lang='grc' dir='ltr'>χλευάζουσιν</span> <span class='ocrx_word' id='word_1_61' title='bbox 465 2293 535 2362; x_wconf 76' lang='grc' dir='ltr'>ἡμᾶς.</span> <span class='ocrx_word' id='word_1_62' title='bbox 552 2290 640 2349; x_wconf 81' lang='lat' dir='ltr'>Clem.</span> <span class='ocrx_word' id='word_1_63' title='bbox 659 2292 670 2347; x_wconf 90' lang='grc'>1</span> <span class='ocrx_word' id='word_1_64' title='bbox 687 2310 734 2365; x_wconf 84' lang='grc'>39.</span> 
     </span>
     <span class='ocr_line' id='line_1_15' title="bbox 243 2374 792 2449; baseline 0.004 -22"><span class='ocrx_word' id='word_1_65' title='bbox 243 2374 336 2446; x_wconf 74' lang='grc' dir='ltr'>Χορδὴ.</span> <span class='ocrx_word' id='word_1_66' title='bbox 368 2374 542 2446; x_wconf 66' lang='grc' dir='ltr'>συνήρμοσται</span> <span class='ocrx_word' id='word_1_67' title='bbox 555 2378 591 2449; x_wconf 72' lang='grc' dir='ltr'>τῷ</span> <span class='ocrx_word' id='word_1_68' title='bbox 605 2375 743 2448; x_wconf 79' lang='grc' dir='ltr'>ε’πισκόπφ,</span> <span class='ocrx_word' id='word_1_69' title='bbox 758 2375 792 2430; x_wconf 84' lang='grc' dir='ltr'>άις</span> 
     </span>
     <span class='ocr_line' id='line_1_16' title="bbox 282 2453 791 2530; baseline 0 -21"><span class='ocrx_word' id='word_1_70' title='bbox 282 2457 373 2527; x_wconf 74' lang='grc' dir='ltr'>χορδαὶ</span> <span class='ocrx_word' id='word_1_71' title='bbox 387 2457 483 2528; x_wconf 77' lang='grc' dir='ltr'>κιθάρᾳ.</span> <span class='ocrx_word' id='word_1_72' title='bbox 498 2453 643 2530; x_wconf 78' lang='lat' dir='ltr'>Ign.Eph.</span> <span class='ocrx_word' id='word_1_73' title='bbox 659 2473 685 2523; x_wconf 95' lang='lat'>4.</span> <span class='ocrx_word' id='word_1_74' title='bbox 729 2477 791 2509; x_wconf 87' lang='grc' dir='ltr'>συν-</span> 
     </span>
     <span class='ocr_line' id='line_1_17' title="bbox 282 2535 791 2610; baseline 0.002 -19"><span class='ocrx_word' id='word_1_75' title='bbox 282 2535 447 2609; x_wconf 83' lang='grc' dir='ltr'>ευράθμιστοι</span> <span class='ocrx_word' id='word_1_76' title='bbox 467 2539 517 2610; x_wconf 83' lang='grc' dir='ltr'>γάρ</span> <span class='ocrx_word' id='word_1_77' title='bbox 538 2540 593 2593; x_wconf 83' lang='grc' dir='ltr'>ταῖς</span> <span class='ocrx_word' id='word_1_78' title='bbox 615 2537 734 2600; x_wconf 76' lang='grc' dir='ltr'>ἐντολαῖς,</span> <span class='ocrx_word' id='word_1_79' title='bbox 758 2537 791 2592; x_wconf 81' lang='grc' dir='ltr'>ὧς</span> 
     </span>
    </p>

    <p class='ocr_par' dir='ltr' id='par_1_6' title="bbox 281 2615 658 2691">
     <span class='ocr_line' id='line_1_18' title="bbox 281 2615 658 2691; baseline 0.003 -20"><span class='ocrx_word' id='word_1_80' title='bbox 281 2620 386 2690; x_wconf 69' lang='grc' dir='ltr'>χορδαῖς</span> <span class='ocrx_word' id='word_1_81' title='bbox 399 2619 496 2691; x_wconf 82' lang='grc' dir='ltr'>κιθάρα.</span> <span class='ocrx_word' id='word_1_82' title='bbox 512 2615 620 2674; x_wconf 76' lang='grc' dir='ltr'>Ρ111111ε1.</span> <span class='ocrx_word' id='word_1_83' title='bbox 635 2635 658 2672; x_wconf 92' lang='grc'>1.</span> 
     </span>
    </p>

    <p class='ocr_par' dir='ltr' id='par_1_7' title="bbox 242 2697 793 3098">
     <span class='ocr_line' id='line_1_19' title="bbox 242 2697 791 2772; baseline -0.002 -19"><span class='ocrx_word' id='word_1_84' title='bbox 242 2701 333 2771; x_wconf 87' lang='grc' dir='ltr'>Χορός.</span> <span class='ocrx_word' id='word_1_85' title='bbox 383 2699 499 2772; x_wconf 85' lang='grc' dir='ltr'>θστέρων</span> <span class='ocrx_word' id='word_1_86' title='bbox 518 2721 546 2753; x_wconf 92' lang='grc' dir='ltr'>τε</span> <span class='ocrx_word' id='word_1_87' title='bbox 566 2701 648 2772; x_wconf 91' lang='grc' dir='ltr'>χοροί.</span> <span class='ocrx_word' id='word_1_88' title='bbox 672 2697 791 2755; x_wconf 73' lang='grc'>01111111</span> 
     </span>
     <span class='ocr_line' id='line_1_20' title="bbox 284 2780 790 2853; baseline -0.002 -17"><span class='ocrx_word' id='word_1_89' title='bbox 284 2799 330 2836; x_wconf 87' lang='lat'>20.</span> <span class='ocrx_word' id='word_1_90' title='bbox 373 2783 398 2836; x_wconf 84' lang='grc' dir='ltr'>οί</span> <span class='ocrx_word' id='word_1_91' title='bbox 415 2780 468 2835; x_wconf 86' lang='grc' dir='ltr'>κατ’</span> <span class='ocrx_word' id='word_1_92' title='bbox 481 2781 558 2852; x_wconf 76' lang='grc' dir='ltr'>ἄνδρα</span> <span class='ocrx_word' id='word_1_93' title='bbox 579 2781 607 2836; x_wconf 77' lang='grc' dir='ltr'>δέ</span> <span class='ocrx_word' id='word_1_94' title='bbox 626 2782 704 2852; x_wconf 83' lang='grc' dir='ltr'>χορὸς</span> <span class='ocrx_word' id='word_1_95' title='bbox 723 2781 790 2853; x_wconf 86' lang='grc' dir='ltr'>γίνε-</span> 
     </span>
     <span class='ocr_line' id='line_1_21' title="bbox 283 2860 792 2938; baseline -0.002 -21"><span class='ocrx_word' id='word_1_96' title='bbox 283 2863 339 2918; x_wconf 86' lang='grc' dir='ltr'>σθε.</span> <span class='ocrx_word' id='word_1_97' title='bbox 358 2860 420 2937; x_wconf 85' lang='lat' dir='ltr'>lgn.</span> <span class='ocrx_word' id='word_1_98' title='bbox 436 2860 510 2938; x_wconf 83' lang='lat' dir='ltr'>Eph.</span> <span class='ocrx_word' id='word_1_99' title='bbox 528 2881 553 2932; x_wconf 92' lang='lat'>4.</span> <span class='ocrx_word' id='word_1_100' title='bbox 596 2865 674 2935; x_wconf 85' lang='grc' dir='ltr'>χορός</span> <span class='ocrx_word' id='word_1_101' title='bbox 693 2862 792 2936; x_wconf 78' lang='grc' dir='ltr'>ε’γίνετο</span> 
     </span>
     <span class='ocr_line' id='line_1_22' title="bbox 281 2944 793 3019; baseline 0.006 -21"><span class='ocrx_word' id='word_1_102' title='bbox 281 2949 318 3019; x_wconf 78' lang='grc' dir='ltr'>τῷ</span> <span class='ocrx_word' id='word_1_103' title='bbox 340 2944 440 3017; x_wconf 82' lang='grc' dir='ltr'>α’στέρι.</span> <span class='ocrx_word' id='word_1_104' title='bbox 466 2963 509 3017; x_wconf 91' lang='lat'>19.</span> <span class='ocrx_word' id='word_1_105' title='bbox 561 2945 588 2998; x_wconf 82' lang='grc' dir='ltr'>έν</span> <span class='ocrx_word' id='word_1_106' title='bbox 608 2945 692 3018; x_wconf 82' lang='grc' dir='ltr'>άγιίπη</span> <span class='ocrx_word' id='word_1_107' title='bbox 714 2946 793 3016; x_wconf 82' lang='grc' dir='ltr'>χορός</span> 
     </span>
     <span class='ocr_line' id='line_1_23' title="bbox 280 3023 560 3098; baseline 0.007 -19"><span class='ocrx_word' id='word_1_108' title='bbox 280 3029 417 3098; x_wconf 86' lang='grc' dir='ltr'>γευόμενοι.</span> <span class='ocrx_word' id='word_1_109' title='bbox 433 3023 516 3081; x_wconf 86' lang='lat' dir='ltr'>Rom.</span> <span class='ocrx_word' id='word_1_110' title='bbox 534 3045 560 3081; x_wconf 86' lang='lat'>2.</span> 
     </span>
    </p>

    <p class='ocr_par' dir='ltr' id='par_1_8' title="bbox 242 3108 792 4238">
     <span class='ocr_line' id='line_1_24' title="bbox 242 3108 792 3179; baseline 0.004 -19"><span class='ocrx_word' id='word_1_111' title='bbox 242 3108 358 3179; x_wconf 84' lang='grc' dir='ltr'>Χρᾶσθαι</span> <span class='ocrx_word' id='word_1_112' title='bbox 382 3111 412 3163; x_wconf 79' lang='lat' dir='ltr'>et</span> <span class='ocrx_word' id='word_1_113' title='bbox 433 3108 558 3178; x_wconf 81' lang='grc' dir='ltr'>Χρῆσθαι.</span> <span class='ocrx_word' id='word_1_114' title='bbox 611 3108 724 3178; x_wconf 75' lang='grc' dir='ltr'>ὑποταγῇ</span> <span class='ocrx_word' id='word_1_115' title='bbox 747 3111 792 3177; x_wconf 76' lang='grc' dir='ltr'>μιᾷ</span> 
     </span>
     <span class='ocr_line' id='line_1_25' title="bbox 281 3185 791 3259; baseline -0.002 -17"><span class='ocrx_word' id='word_1_116' title='bbox 281 3191 379 3259; x_wconf 78' lang='grc' dir='ltr'>χρῆται.</span> <span class='ocrx_word' id='word_1_117' title='bbox 416 3185 505 3244; x_wconf 81' lang='lat' dir='ltr'>Olem.</span> <span class='ocrx_word' id='word_1_118' title='bbox 538 3186 554 3243; x_wconf 96' lang='lat' dir='ltr'>I</span> <span class='ocrx_word' id='word_1_119' title='bbox 583 3201 629 3259; x_wconf 83' lang='lat'>37.</span> <span class='ocrx_word' id='word_1_120' title='bbox 692 3189 731 3241; x_wconf 84' lang='grc' dir='ltr'>δεῖ</span> <span class='ocrx_word' id='word_1_121' title='bbox 763 3189 791 3242; x_wconf 78' lang='grc' dir='ltr'>δὲ</span> 
     </span>
     <span class='ocr_line' id='line_1_26' title="bbox 283 3266 788 3342; baseline 0.002 -21"><span class='ocrx_word' id='word_1_122' title='bbox 283 3268 346 3337; x_wconf 73' lang='grc' dir='ltr'>ἡμᾶς</span> <span class='ocrx_word' id='word_1_123' title='bbox 354 3309 437 3324; x_wconf 90' lang='grc'><strong><em>.....</em></strong></span> <span class='ocrx_word' id='word_1_124' title='bbox 443 3268 527 3342; x_wconf 80' lang='grc' dir='ltr'>εἐείνιμ</span> <span class='ocrx_word' id='word_1_125' title='bbox 553 3269 674 3340; x_wconf 76' lang='grc' dir='ltr'>χρᾶσθαι</span> <span class='ocrx_word' id='word_1_126' title='bbox 704 3266 738 3323; x_wconf 90' lang='grc' dir='ltr'>Π</span> <span class='ocrx_word' id='word_1_127' title='bbox 763 3268 788 3322; x_wconf 88' lang='grc'>6.</span> 
     </span>
     <span class='ocr_line' id='line_1_27' title="bbox 282 3347 788 3423; baseline 0 -21"><span class='ocrx_word' id='word_1_128' title='bbox 282 3347 389 3423; x_wconf 83' lang='grc' dir='ltr'>σχοινίιρ</span> <span class='ocrx_word' id='word_1_129' title='bbox 425 3351 551 3419; x_wconf 77' lang='grc' dir='ltr'>χρώμενοι</span> <span class='ocrx_word' id='word_1_130' title='bbox 584 3353 621 3423; x_wconf 76' lang='grc' dir='ltr'>τῷ</span> <span class='ocrx_word' id='word_1_131' title='bbox 654 3348 788 3417; x_wconf 79' lang='grc' dir='ltr'>Πνεῦμστι</span> 
     </span>
     <span class='ocr_line' id='line_1_28' title="bbox 282 3426 791 3504; baseline -0.012 0"><span class='ocrx_word' id='word_1_132' title='bbox 282 3426 346 3504; x_wconf 68' lang='lat'><strong>18¹1·</strong></span> <span class='ocrx_word' id='word_1_133' title='bbox 383 3427 456 3504; x_wconf 77' lang='lat' dir='ltr'>Eph.</span> <span class='ocrx_word' id='word_1_134' title='bbox 494 3448 519 3502; x_wconf 90' lang='lat'>9·</span> <span class='ocrx_word' id='word_1_135' title='bbox 587 3433 618 3499; x_wconf 71' lang='grc' dir='ltr'>τῇ</span> <span class='ocrx_word' id='word_1_136' title='bbox 651 3433 791 3502; x_wconf 57' lang='grc' dir='ltr'>Χριστιανῶν</span> 
     </span>
     <span class='ocr_line' id='line_1_29' title="bbox 282 3508 791 3584; baseline -0.002 -19"><span class='ocrx_word' id='word_1_137' title='bbox 282 3514 368 3584; x_wconf 76' lang='grc' dir='ltr'>τροφῇ</span> <span class='ocrx_word' id='word_1_138' title='bbox 394 3511 513 3583; x_wconf 73' lang='grc' dir='ltr'>χρῆσθαι</span> <span class='ocrx_word' id='word_1_139' title='bbox 543 3508 627 3566; x_wconf 73' lang='lat' dir='ltr'>Trall.</span> <span class='ocrx_word' id='word_1_140' title='bbox 654 3511 680 3566; x_wconf 87' lang='lat'>6.</span> <span class='ocrx_word' id='word_1_141' title='bbox 736 3510 791 3564; x_wconf 80' lang='grc' dir='ltr'>άντὶ</span> 
     </span>
     <span class='ocr_line' id='line_1_30' title="bbox 282 3590 788 3667; baseline 0 -20"><span class='ocrx_word' id='word_1_142' title='bbox 282 3593 344 3664; x_wconf 83' lang='grc' dir='ltr'>έμοῦ</span> <span class='ocrx_word' id='word_1_143' title='bbox 356 3593 456 3663; x_wconf 89' lang='grc' dir='ltr'>ποιμένι</span> <span class='ocrx_word' id='word_1_144' title='bbox 468 3595 505 3667; x_wconf 72' lang='grc' dir='ltr'>τῷ</span> <span class='ocrx_word' id='word_1_145' title='bbox 517 3596 573 3667; x_wconf 76' lang='grc' dir='ltr'>θεῷ</span> <span class='ocrx_word' id='word_1_146' title='bbox 589 3594 690 3664; x_wconf 75' lang='grc' dir='ltr'>χρῆται.</span> <span class='ocrx_word' id='word_1_147' title='bbox 706 3590 788 3647; x_wconf 88' lang='lat' dir='ltr'>Rom.</span> 
     </span>
     <span class='ocr_line' id='line_1_31' title="bbox 283 3670 789 3748; baseline -0.002 -19"><span class='ocrx_word' id='word_1_148' title='bbox 283 3693 309 3748; x_wconf 89' lang='lat'>9.</span> <span class='ocrx_word' id='word_1_149' title='bbox 352 3679 396 3745; x_wconf 74' lang='grc' dir='ltr'>μιᾷ</span> <span class='ocrx_word' id='word_1_150' title='bbox 417 3675 565 3746; x_wconf 72' lang='grc' dir='ltr'>εὐχαριστίᾳ</span> <span class='ocrx_word' id='word_1_151' title='bbox 584 3674 705 3745; x_wconf 73' lang='grc' dir='ltr'>χρῆσθαι.</span> <span class='ocrx_word' id='word_1_152' title='bbox 723 3670 789 3728; x_wconf 81' lang='lat' dir='ltr'>Phi·</span> 
     </span>
     <span class='ocr_line' id='line_1_32' title="bbox 281 3754 789 3831; baseline -0.004 -19"><span class='ocrx_word' id='word_1_153' title='bbox 281 3754 336 3812; x_wconf 82' lang='lat' dir='ltr'>lad.</span> <span class='ocrx_word' id='word_1_154' title='bbox 363 3776 390 3826; x_wconf 95' lang='lat'>4.</span> <span class='ocrx_word' id='word_1_155' title='bbox 439 3754 545 3831; x_wconf 78' lang='grc' dir='ltr'>τοιοάτιμ</span> <span class='ocrx_word' id='word_1_156' title='bbox 572 3754 701 3827; x_wconf 77' lang='grc' dir='ltr'>ε’χρὴσατο</span> <span class='ocrx_word' id='word_1_157' title='bbox 727 3756 789 3810; x_wconf 61' lang='lat' dir='ltr'>{mo-</span> 
     </span>
     <span class='ocr_line' id='line_1_33' title="bbox 282 3834 790 3912; baseline -0.002 -20"><span class='ocrx_word' id='word_1_158' title='bbox 282 3839 403 3910; x_wconf 77' lang='grc' dir='ltr'>δείγματι.</span> <span class='ocrx_word' id='word_1_159' title='bbox 420 3834 534 3912; x_wconf 80' lang='lat' dir='ltr'>Fragm.</span> <span class='ocrx_word' id='word_1_160' title='bbox 550 3836 567 3892; x_wconf 82' lang='lat' dir='ltr'>i.</span> <span class='ocrx_word' id='word_1_161' title='bbox 610 3839 790 3906; x_wconf 74' lang='grc' dir='ltr'>τῇδεσποτικῇ</span> 
     </span>
     <span class='ocr_line' id='line_1_34' title="bbox 281 3915 791 3991; baseline -0.006 -16"><span class='ocrx_word' id='word_1_162' title='bbox 281 3919 413 3991; x_wconf 73' lang='grc' dir='ltr'>ἀποφάσει</span> <span class='ocrx_word' id='word_1_163' title='bbox 432 3921 596 3991; x_wconf 85' lang='grc' dir='ltr'>χρησάμενοι.</span> <span class='ocrx_word' id='word_1_164' title='bbox 614 3915 652 3974; x_wconf 90' lang='lat' dir='ltr'>ib.</span> <span class='ocrx_word' id='word_1_165' title='bbox 694 3915 732 3974; x_wconf 78' lang='grc' dir='ltr'>οἷς</span> <span class='ocrx_word' id='word_1_166' title='bbox 751 3919 791 3972; x_wconf 78' lang='grc' dir='ltr'>καί</span> 
     </span>
     <span class='ocr_line' id='line_1_35' title="bbox 281 3997 789 4075; baseline -0.002 -21"><span class='ocrx_word' id='word_1_167' title='bbox 281 4001 402 4074; x_wconf 75' lang='grc' dir='ltr'>χρώμεθα</span> <span class='ocrx_word' id='word_1_168' title='bbox 415 4002 567 4072; x_wconf 86' lang='grc' dir='ltr'>συμμάχοις.</span> <span class='ocrx_word' id='word_1_169' title='bbox 583 3997 668 4057; x_wconf 67' lang='lat' dir='ltr'>Mart.</span> <span class='ocrx_word' id='word_1_170' title='bbox 685 3999 746 4075; x_wconf 85' lang='lat' dir='ltr'>Igu.</span> <span class='ocrx_word' id='word_1_171' title='bbox 765 4017 789 4054; x_wconf 81' lang='lat'>2.</span> 
     </span>
     <span class='ocr_line' id='line_1_36' title="bbox 281 4080 789 4153; baseline 0 -17"><span class='ocrx_word' id='word_1_172' title='bbox 281 4082 321 4136; x_wconf 82' lang='grc' dir='ltr'>ὅτι</span> <span class='ocrx_word' id='word_1_173' title='bbox 354 4080 466 4151; x_wconf 78' lang='grc' dir='ltr'>τοσαίση</span> <span class='ocrx_word' id='word_1_174' title='bbox 500 4083 600 4151; x_wconf 80' lang='grc' dir='ltr'>σπουδῇ</span> <span class='ocrx_word' id='word_1_175' title='bbox 640 4080 789 4153; x_wconf 81' lang='grc' dir='ltr'>ε’χρὴσαντο.</span> 
     </span>
     <span class='ocr_line' id='line_1_37' title="bbox 282 4161 523 4238; baseline 0.004 -20"><span class='ocrx_word' id='word_1_176' title='bbox 282 4161 367 4220; x_wconf 78' lang='lat' dir='ltr'>Mart.</span> <span class='ocrx_word' id='word_1_177' title='bbox 384 4161 478 4238; x_wconf 83' lang='lat' dir='ltr'>Polyc.</span> <span class='ocrx_word' id='word_1_178' title='bbox 496 4176 523 4234; x_wconf 86' lang='lat'>7.</span> 
     </span>
    </p>

    <p class='ocr_par' dir='ltr' id='par_1_9' title="bbox 242 4243 792 4562">
     <span class='ocr_line' id='line_1_38' title="bbox 242 4243 792 4317; baseline 0.004 -19"><span class='ocrx_word' id='word_1_179' title='bbox 242 4244 354 4317; x_wconf 76' lang='grc' dir='ltr'>Χρῄζειν.</span> <span class='ocrx_word' id='word_1_180' title='bbox 396 4247 570 4314; x_wconf 81' lang='grc' dir='ltr'>όΔεσπότηι.</span> <span class='ocrx_word' id='word_1_181' title='bbox 583 4290 590 4301; x_wconf 93' lang='grc'>.</span> <span class='ocrx_word' id='word_1_182' title='bbox 603 4244 712 4300; x_wconf 74' lang='grc' dir='ltr'>,οὐθενός</span> <span class='ocrx_word' id='word_1_183' title='bbox 728 4243 792 4315; x_wconf 68' lang='grc' dir='ltr'>χρη·</span> 
     </span>
     <span class='ocr_line' id='line_1_39' title="bbox 283 4324 791 4398; baseline -0.008 -16"><span class='ocrx_word' id='word_1_184' title='bbox 283 4330 325 4395; x_wconf 60' lang='lat' dir='ltr'>(a</span> <span class='ocrx_word' id='word_1_185' title='bbox 342 4324 431 4392; x_wconf 76' lang='lat' dir='ltr'>Clem</span> <span class='ocrx_word' id='word_1_186' title='bbox 449 4324 464 4380; x_wconf 93' lang='lat' dir='ltr'>I</span> <span class='ocrx_word' id='word_1_187' title='bbox 479 4338 525 4398; x_wconf 80' lang='lat'>52.</span> <span class='ocrx_word' id='word_1_188' title='bbox 568 4325 657 4398; x_wconf 73' lang='grc' dir='ltr'>Χρῄζω</span> <span class='ocrx_word' id='word_1_189' title='bbox 671 4324 791 4397; x_wconf 77' lang='grc' dir='ltr'>οὖνπρο-</span> 
     </span>
     <span class='ocr_line' id='line_1_40' title="bbox 282 4405 790 4484; baseline -0.01 -19"><span class='ocrx_word' id='word_1_190' title='bbox 282 4412 377 4478; x_wconf 84' lang='grc' dir='ltr'>ότητος.</span> <span class='ocrx_word' id='word_1_191' title='bbox 401 4406 465 4484; x_wconf 85' lang='lat' dir='ltr'>Ign.</span> <span class='ocrx_word' id='word_1_192' title='bbox 489 4405 576 4463; x_wconf 79' lang='lat' dir='ltr'>Trall.</span> <span class='ocrx_word' id='word_1_193' title='bbox 600 4428 625 4476; x_wconf 87' lang='lat'>4.</span> <span class='ocrx_word' id='word_1_194' title='bbox 676 4409 721 4474; x_wconf 80' lang='grc' dir='ltr'>τῆς</span> <span class='ocrx_word' id='word_1_195' title='bbox 744 4406 790 4477; x_wconf 83' lang='grc' dir='ltr'>ἀφ’</span> 
     </span>
     <span class='ocr_line' id='line_1_41' title="bbox 283 4488 685 4562; baseline -0.002 -18"><span class='ocrx_word' id='word_1_196' title='bbox 283 4491 353 4560; x_wconf 76' lang='grc' dir='ltr'>ὑμῶν</span> <span class='ocrx_word' id='word_1_197' title='bbox 365 4490 463 4562; x_wconf 89' lang='grc' dir='ltr'>άγάπης</span> <span class='ocrx_word' id='word_1_198' title='bbox 476 4488 620 4562; x_wconf 73' lang='grc' dir='ltr'>χρῄζοντος.</span> <span class='ocrx_word' id='word_1_199' title='bbox 640 4505 685 4543; x_wconf 87' lang='lat'>12.</span> 
     </span>
    </p>

    <p class='ocr_par' dir='ltr' id='par_1_10' title="bbox 242 4572 789 4723">
     <span class='ocr_line' id='line_1_42' title="bbox 242 4572 789 4644; baseline -0.005 -2"><span class='ocrx_word' id='word_1_200' title='bbox 242 4574 429 4644; x_wconf 65' lang='grc' dir='ltr'>Χνννατισνόε-</span> <span class='ocrx_word' id='word_1_201' title='bbox 476 4573 503 4625; x_wconf 67' lang='grc' dir='ltr'>ἐκ</span> <span class='ocrx_word' id='word_1_202' title='bbox 523 4573 567 4641; x_wconf 70' lang='grc' dir='ltr'>τῆς</span> <span class='ocrx_word' id='word_1_203' title='bbox 590 4572 671 4636; x_wconf 75' lang='grc' dir='ltr'>βάτον</span> <span class='ocrx_word' id='word_1_204' title='bbox 691 4592 789 4641; x_wconf 66' lang='grc' dir='ltr'>κρινε-</span> 
     </span>
     <span class='ocr_line' id='line_1_43' title="bbox 281 4648 749 4723; baseline -0.006 -15"><span class='ocrx_word' id='word_1_205' title='bbox 281 4652 553 4723; x_wconf 79' lang='grc' dir='ltr'>τισμοΰ...διδομε’νου.</span> <span class='ocrx_word' id='word_1_206' title='bbox 568 4648 657 4706; x_wconf 84' lang='lat' dir='ltr'>Clem.</span> <span class='ocrx_word' id='word_1_207' title='bbox 674 4649 689 4705; x_wconf 87' lang='grc' dir='ltr'>Ι</span> <span class='ocrx_word' id='word_1_208' title='bbox 705 4661 749 4722; x_wconf 77' lang='lat'>17.</span> 
     </span>
    </p>

    <p class='ocr_par' dir='ltr' id='par_1_11' title="bbox 241 4730 791 4888">
     <span class='ocr_line' id='line_1_44' title="bbox 241 4730 791 4806; baseline -0.004 -19"><span class='ocrx_word' id='word_1_209' title='bbox 241 4734 377 4806; x_wconf 78' lang='grc' dir='ltr'>Χρήσιμος.</span> <span class='ocrx_word' id='word_1_210' title='bbox 420 4733 552 4806; x_wconf 76' lang='grc' dir='ltr'>Χρησιμον</span> <span class='ocrx_word' id='word_1_211' title='bbox 570 4730 615 4786; x_wconf 76' lang='grc' dir='ltr'>οὖν</span> <span class='ocrx_word' id='word_1_212' title='bbox 636 4733 707 4786; x_wconf 76' lang='grc' dir='ltr'>ἐστὶν</span> <span class='ocrx_word' id='word_1_213' title='bbox 728 4733 791 4803; x_wconf 77' lang='grc' dir='ltr'>ὑμᾶς</span> 
     </span>
     <span class='ocr_line' id='line_1_45' title="bbox 282 4810 741 4888; baseline 0 -19"><span class='ocrx_word' id='word_1_214' title='bbox 282 4817 445 4884; x_wconf 74' lang='grc' dir='ltr'>ἐν...ε“νόιητι</span> <span class='ocrx_word' id='word_1_215' title='bbox 459 4811 529 4869; x_wconf 68' lang='grc' dir='ltr'>εἶναι.</span> <span class='ocrx_word' id='word_1_216' title='bbox 546 4811 610 4887; x_wconf 82' lang='lat' dir='ltr'>Igu.</span> <span class='ocrx_word' id='word_1_217' title='bbox 626 4810 700 4888; x_wconf 83' lang='lat' dir='ltr'>Eph.</span> <span class='ocrx_word' id='word_1_218' title='bbox 715 4835 741 4883; x_wconf 89' lang='lat'>4.</span> 
     </span>
    </p>

    <p class='ocr_par' dir='ltr' id='par_1_12' title="bbox 241 4891 792 5049">
     <span class='ocr_line' id='line_1_46' title="bbox 241 4891 790 4968; baseline 0 -19"><span class='ocrx_word' id='word_1_219' title='bbox 241 4899 344 4968; x_wconf 78' lang='grc' dir='ltr'>Χρῆσις.</span> <span class='ocrx_word' id='word_1_220' title='bbox 388 4897 415 4949; x_wconf 84' lang='grc' dir='ltr'>έν</span> <span class='ocrx_word' id='word_1_221' title='bbox 429 4893 529 4951; x_wconf 81' lang='grc' dir='ltr'>τοάτοις</span> <span class='ocrx_word' id='word_1_222' title='bbox 548 4896 648 4965; x_wconf 75' lang='grc' dir='ltr'>χρῆσις.</span> <span class='ocrx_word' id='word_1_223' title='bbox 669 4891 757 4950; x_wconf 82' lang='lat' dir='ltr'>Clem.</span> <span class='ocrx_word' id='word_1_224' title='bbox 774 4893 790 4950; x_wconf 94' lang='lat' dir='ltr'>I</span> 
     </span>
     <span class='ocr_line' id='line_1_47' title="bbox 282 4974 792 5049; baseline 0.002 -20"><span class='ocrx_word' id='word_1_225' title='bbox 282 4989 331 5049; x_wconf 80' lang='lat'>37.</span> <span class='ocrx_word' id='word_1_226' title='bbox 382 4977 411 5029; x_wconf 80' lang='grc' dir='ltr'>οὗ</span> <span class='ocrx_word' id='word_1_227' title='bbox 435 4978 498 5031; x_wconf 79' lang='grc' dir='ltr'>κατὰ</span> <span class='ocrx_word' id='word_1_228' title='bbox 520 4978 616 5046; x_wconf 80' lang='grc' dir='ltr'>χρῆσιν</span> <span class='ocrx_word' id='word_1_229' title='bbox 638 4974 706 5030; x_wconf 80' lang='grc' dir='ltr'>άλλά</span> <span class='ocrx_word' id='word_1_230' title='bbox 730 4977 792 5030; x_wconf 80' lang='grc' dir='ltr'>κατὰ</span> 
     </span>
    </p>
   </div>
   <div class='ocr_carea' id='block_1_3' title="bbox 281 5055 597 5132">
    <p class='ocr_par' dir='ltr' id='par_1_13' title="bbox 281 5055 597 5132">
     <span class='ocr_line' id='line_1_48' title="bbox 281 5055 597 5132; baseline -0.003 -20"><span class='ocrx_word' id='word_1_231' title='bbox 281 5057 371 5129; x_wconf 76' lang='grc' dir='ltr'>φύσιν.</span> <span class='ocrx_word' id='word_1_232' title='bbox 389 5055 452 5132; x_wconf 85' lang='lat' dir='ltr'>Ign.</span> <span class='ocrx_word' id='word_1_233' title='bbox 467 5055 553 5113; x_wconf 79' lang='lat' dir='ltr'>Trall.</span> <span class='ocrx_word' id='word_1_234' title='bbox 568 5071 597 5111; x_wconf 90' lang='lat'>1.‘</span> 
     </span>
    </p>
   </div>
   <div class='ocr_carea' id='block_1_4' title="bbox 241 5138 791 5458">
    <p class='ocr_par' dir='ltr' id='par_1_14' title="bbox 241 5138 791 5293">
     <span class='ocr_line' id='line_1_49' title="bbox 241 5138 791 5211; baseline -0.002 -19"><span class='ocrx_word' id='word_1_235' title='bbox 241 5140 436 5211; x_wconf 79' lang='grc' dir='ltr'>Χρησμοόστεῖν.</span> <span class='ocrx_word' id='word_1_236' title='bbox 472 5138 729 5211; x_wconf 80' lang='grc' dir='ltr'>χρησμοδοτηθίντες,</span> <span class='ocrx_word' id='word_1_237' title='bbox 743 5159 791 5191; x_wconf 84' lang='grc' dir='ltr'>πα-</span> 
     </span>
     <span class='ocr_line' id='line_1_50' title="bbox 280 5217 717 5293; baseline 0 -18"><span class='ocrx_word' id='word_1_238' title='bbox 280 5220 393 5293; x_wconf 79' lang='grc' dir='ltr'>ρέδωκαν</span> <span class='ocrx_word' id='word_1_239' title='bbox 406 5221 518 5278; x_wconf 76' lang='grc' dir='ltr'>ἑαυτούς.</span> <span class='ocrx_word' id='word_1_240' title='bbox 534 5217 623 5277; x_wconf 74' lang='grc'>010111.</span> <span class='ocrx_word' id='word_1_241' title='bbox 640 5217 655 5273; x_wconf 91' lang='grc' dir='ltr'>Ι</span> <span class='ocrx_word' id='word_1_242' title='bbox 671 5232 717 5291; x_wconf 83' lang='grc'>55.</span> 
     </span>
    </p>

    <p class='ocr_par' dir='ltr' id='par_1_15' title="bbox 241 5301 790 5458">
     <span class='ocr_line' id='line_1_51' title="bbox 241 5301 790 5375; baseline -0.004 -17"><span class='ocrx_word' id='word_1_243' title='bbox 241 5301 440 5374; x_wconf 81' lang='grc' dir='ltr'>Χρηστείνεσθαι.</span> <span class='ocrx_word' id='word_1_244' title='bbox 471 5302 694 5375; x_wconf 82' lang='grc' dir='ltr'>Χρηστευσῶμεθα</span> <span class='ocrx_word' id='word_1_245' title='bbox 707 5302 790 5356; x_wconf 86' lang='grc' dir='ltr'>αι’ντοῖς</span> 
     </span>
     <span class='ocr_line' id='line_1_52' title="bbox 283 5380 787 5458; baseline -0.008 -19"><span class='ocrx_word' id='word_1_246' title='bbox 283 5386 344 5440; x_wconf 78' lang='grc' dir='ltr'>κατὰ</span> <span class='ocrx_word' id='word_1_247' title='bbox 355 5384 400 5454; x_wconf 78' lang='grc' dir='ltr'>τὴν</span> <span class='ocrx_word' id='word_1_248' title='bbox 409 5385 610 5458; x_wconf 78' lang='grc' dir='ltr'>εὖσπλαγχνίαν.</span> <span class='ocrx_word' id='word_1_249' title='bbox 621 5380 710 5440; x_wconf 70' lang='lat' dir='ltr'>olem.</span> <span class='ocrx_word' id='word_1_250' title='bbox 722 5382 734 5438; x_wconf 86' lang='grc'>1</span> <span class='ocrx_word' id='word_1_251' title='bbox 746 5399 787 5450; x_wconf 83' lang='grc'>14.</span> 
     </span>
    </p>
   </div>
   <div class='ocr_carea' id='block_1_5' title="bbox 1325 1141 1387 1207">
    <p class='ocr_par' dir='ltr' id='par_1_16' title="bbox 1325 1141 1387 1207">
     <span class='ocr_line' id='line_1_53' title="bbox 1325 1141 1387 1207; baseline 0.097 -7"><span class='ocrx_word' id='word_1_252' title='bbox 1325 1141 1387 1207; x_wconf 72' lang='lat'>129</span> 
     </span>
    </p>
   </div>
   <div class='ocr_carea' id='block_1_6' title="bbox 832 1318 1386 5518">
    <p class='ocr_par' dir='ltr' id='par_1_17' title="bbox 836 1318 1386 1797">
     <span class='ocr_line' id='line_1_54' title="bbox 836 1318 1386 1388; baseline 0.002 -18"><span class='ocrx_word' id='word_1_253' title='bbox 836 1320 989 1388; x_wconf 89' lang='grc' dir='ltr'>Χρηστόπης.</span> <span class='ocrx_word' id='word_1_254' title='bbox 1044 1318 1120 1370; x_wconf 76' lang='grc' dir='ltr'>ἱκέται</span> <span class='ocrx_word' id='word_1_255' title='bbox 1146 1318 1310 1388; x_wconf 85' lang='grc' dir='ltr'>γενόμενοι..</span> <span class='ocrx_word' id='word_1_256' title='bbox 1326 1319 1386 1384; x_wconf 70' lang='grc' dir='ltr'>,τῆς</span> 
     </span>
     <span class='ocr_line' id='line_1_55' title="bbox 875 1393 1385 1470; baseline 0 -20"><span class='ocrx_word' id='word_1_257' title='bbox 875 1402 1048 1470; x_wconf 86' lang='grc' dir='ltr'>χρηστότητος</span> <span class='ocrx_word' id='word_1_258' title='bbox 1080 1399 1164 1450; x_wconf 80' lang='grc' dir='ltr'>αὐτοῦ.</span> <span class='ocrx_word' id='word_1_259' title='bbox 1193 1393 1281 1453; x_wconf 83' lang='lat' dir='ltr'>Olem.</span> <span class='ocrx_word' id='word_1_260' title='bbox 1313 1395 1328 1451; x_wconf 94' lang='lat' dir='ltr'>I</span> <span class='ocrx_word' id='word_1_261' title='bbox 1358 1415 1385 1468; x_wconf 91' lang='lat'>9.</span> 
     </span>
     <span class='ocr_line' id='line_1_56' title="bbox 876 1478 1384 1550; baseline 0.002 -18"><span class='ocrx_word' id='word_1_262' title='bbox 876 1480 918 1549; x_wconf 83' lang='grc' dir='ltr'>Μτ)</span> <span class='ocrx_word' id='word_1_263' title='bbox 939 1478 984 1534; x_wconf 77' lang='grc' dir='ltr'>οὖν</span> <span class='ocrx_word' id='word_1_264' title='bbox 1003 1479 1191 1547; x_wconf 78' lang='grc' dir='ltr'>άνωσθητάιμεν</span> <span class='ocrx_word' id='word_1_265' title='bbox 1207 1481 1252 1548; x_wconf 72' lang='grc' dir='ltr'>τῆς</span> <span class='ocrx_word' id='word_1_266' title='bbox 1271 1481 1384 1550; x_wconf 80' lang='grc' dir='ltr'>χρηστό-</span> 
     </span>
     <span class='ocr_line' id='line_1_57' title="bbox 874 1557 1386 1635; baseline 0 -21"><span class='ocrx_word' id='word_1_267' title='bbox 874 1583 949 1628; x_wconf 80' lang='grc' dir='ltr'>τητος</span> <span class='ocrx_word' id='word_1_268' title='bbox 968 1562 1053 1616; x_wconf 77' lang='grc' dir='ltr'>αὐτοῦ.</span> <span class='ocrx_word' id='word_1_269' title='bbox 1074 1558 1136 1635; x_wconf 73' lang='lat' dir='ltr'>Ign.</span> <span class='ocrx_word' id='word_1_270' title='bbox 1153 1557 1249 1634; x_wconf 62' lang='lat' dir='ltr'>Maga</span> <span class='ocrx_word' id='word_1_271' title='bbox 1269 1578 1313 1615; x_wconf 91' lang='lat'>10.</span> <span class='ocrx_word' id='word_1_272' title='bbox 1356 1559 1386 1629; x_wconf 75' lang='grc' dir='ltr'>ἣν</span> 
     </span>
     <span class='ocr_line' id='line_1_58' title="bbox 875 1642 1383 1714; baseline 0.004 -3"><span class='ocrx_word' id='word_1_273' title='bbox 875 1645 1089 1714; x_wconf 57' lang='lat' dir='ltr'>mmmm</span> <span class='ocrx_word' id='word_1_274' title='bbox 1121 1645 1135 1695; x_wconf 73' lang='grc' dir='ltr'><em>ὅ</em></span> <span class='ocrx_word' id='word_1_275' title='bbox 1163 1642 1251 1714; x_wconf 67' lang='grc' dir='ltr'>Πατὴρ</span> <span class='ocrx_word' id='word_1_276' title='bbox 1278 1646 1383 1714; x_wconf 55' lang='grc' dir='ltr'>ἤνυον·</span> 
     </span>
     <span class='ocr_line' id='line_1_59' title="bbox 874 1721 1031 1797; baseline -0.006 -18"><span class='ocrx_word' id='word_1_277' title='bbox 874 1721 987 1797; x_wconf 73' lang='lat' dir='ltr'>Smym„</span> <span class='ocrx_word' id='word_1_278' title='bbox 1005 1724 1031 1779; x_wconf 92' lang='lat'>6.</span> 
     </span>
    </p>

    <p class='ocr_par' dir='ltr' id='par_1_18' title="bbox 833 1804 1385 2611">
     <span class='ocr_line' id='line_1_60' title="bbox 833 1804 1385 1878; baseline -0.002 -19"><span class='ocrx_word' id='word_1_279' title='bbox 833 1807 1038 1878; x_wconf 83' lang='grc' dir='ltr'>Χριστιανισμός.</span> <span class='ocrx_word' id='word_1_280' title='bbox 1094 1804 1155 1858; x_wconf 84' lang='grc' dir='ltr'>κατά</span> <span class='ocrx_word' id='word_1_281' title='bbox 1185 1806 1385 1875; x_wconf 86' lang='grc' dir='ltr'>Χριστιανισμὸν</span> 
     </span>
     <span class='ocr_line' id='line_1_61' title="bbox 874 1883 1384 1961; baseline -0.006 -21"><span class='ocrx_word' id='word_1_282' title='bbox 874 1887 926 1955; x_wconf 62' lang='lat' dir='ltr'>fir.</span> <span class='ocrx_word' id='word_1_283' title='bbox 954 1884 1016 1961; x_wconf 84' lang='lat' dir='ltr'>Ign.</span> <span class='ocrx_word' id='word_1_284' title='bbox 1046 1883 1143 1959; x_wconf 80' lang='lat' dir='ltr'>Magn.</span> <span class='ocrx_word' id='word_1_285' title='bbox 1177 1902 1220 1939; x_wconf 86' lang='grc' dir='ltr'>ιο.</span> <span class='ocrx_word' id='word_1_286' title='bbox 1276 1884 1307 1937; x_wconf 84' lang='lat'>‘0</span> <span class='ocrx_word' id='word_1_287' title='bbox 1334 1886 1384 1956; x_wconf 77' lang='grc' dir='ltr'>γὰρ</span> 
     </span>
     <span class='ocr_line' id='line_1_62' title="bbox 874 1965 1384 2040; baseline -0.004 -19"><span class='ocrx_word' id='word_1_288' title='bbox 874 1968 1071 2040; x_wconf 83' lang='grc' dir='ltr'>Χριστιανισμός</span> <span class='ocrx_word' id='word_1_289' title='bbox 1097 1968 1142 2020; x_wconf 81' lang='grc' dir='ltr'>οὐκ</span> <span class='ocrx_word' id='word_1_290' title='bbox 1169 1966 1204 2022; x_wconf 79' lang='grc' dir='ltr'>εἷς</span> <span class='ocrx_word' id='word_1_291' title='bbox 1225 1965 1384 2035; x_wconf 78' lang='grc' dir='ltr'>Ἰουδαῖσμόν</span> 
     </span>
     <span class='ocr_line' id='line_1_63' title="bbox 874 2046 1385 2117; baseline 0 -13"><span class='ocrx_word' id='word_1_292' title='bbox 874 2047 1033 2112; x_wconf 72' lang='grc' dir='ltr'>ἐπίστευσεν,</span> <span class='ocrx_word' id='word_1_293' title='bbox 1061 2047 1128 2101; x_wconf 79' lang='grc' dir='ltr'>άλλά</span> <span class='ocrx_word' id='word_1_294' title='bbox 1157 2046 1316 2117; x_wconf 75' lang='grc' dir='ltr'>Ἰονόαῖσμός</span> <span class='ocrx_word' id='word_1_295' title='bbox 1348 2048 1385 2104; x_wconf 86' lang='grc' dir='ltr'>είς</span> 
     </span>
     <span class='ocr_line' id='line_1_64' title="bbox 873 2126 1384 2202; baseline -0.004 -18"><span class='ocrx_word' id='word_1_296' title='bbox 873 2131 1080 2202; x_wconf 86' lang='grc' dir='ltr'>Χριοτιανισμόν.</span> <span class='ocrx_word' id='word_1_297' title='bbox 1096 2126 1133 2184; x_wconf 88' lang='lat' dir='ltr'>ib.</span> <span class='ocrx_word' id='word_1_298' title='bbox 1175 2128 1297 2200; x_wconf 83' lang='grc' dir='ltr'>μεγέθους</span> <span class='ocrx_word' id='word_1_299' title='bbox 1312 2129 1384 2183; x_wconf 75' lang='grc' dir='ltr'>ἐστὶν</span> 
     </span>
     <span class='ocr_line' id='line_1_65' title="bbox 874 2207 1383 2283; baseline 0.002 -19"><span class='ocrx_word' id='word_1_300' title='bbox 874 2212 1117 2283; x_wconf 81' lang='grc' dir='ltr'>όΧριστιανισμός.</span> <span class='ocrx_word' id='word_1_301' title='bbox 1138 2207 1221 2266; x_wconf 84' lang='lat' dir='ltr'>Rom.</span> <span class='ocrx_word' id='word_1_302' title='bbox 1244 2226 1271 2281; x_wconf 86' lang='lat'>3.</span> <span class='ocrx_word' id='word_1_303' title='bbox 1313 2212 1383 2281; x_wconf 87' lang='grc' dir='ltr'>παρά</span> 
     </span>
     <span class='ocr_line' id='line_1_66' title="bbox 873 2292 1383 2364; baseline -0.004 -18"><span class='ocrx_word' id='word_1_304' title='bbox 873 2293 964 2364; x_wconf 76' lang='grc' dir='ltr'>ἀνδρὸς</span> <span class='ocrx_word' id='word_1_305' title='bbox 983 2292 1121 2363; x_wconf 77' lang='grc' dir='ltr'>περιτομὴν</span> <span class='ocrx_word' id='word_1_306' title='bbox 1140 2292 1242 2362; x_wconf 83' lang='grc' dir='ltr'>ίχοντος</span> <span class='ocrx_word' id='word_1_307' title='bbox 1260 2299 1383 2362; x_wconf 88' lang='grc' dir='ltr'>Χριστια-</span> 
     </span>
     <span class='ocr_line' id='line_1_67' title="bbox 874 2369 1385 2444; baseline -0.006 -16"><span class='ocrx_word' id='word_1_308' title='bbox 874 2375 964 2444; x_wconf 84' lang='grc' dir='ltr'>νισμόν</span> <span class='ocrx_word' id='word_1_309' title='bbox 986 2372 1093 2428; x_wconf 81' lang='grc' dir='ltr'>άιιοάειν.</span> <span class='ocrx_word' id='word_1_310' title='bbox 1120 2369 1229 2428; x_wconf 80' lang='lat' dir='ltr'>Philad.</span> <span class='ocrx_word' id='word_1_311' title='bbox 1257 2372 1285 2427; x_wconf 87' lang='lat'>6.</span> <span class='ocrx_word' id='word_1_312' title='bbox 1317 2374 1385 2438; x_wconf 76' lang='grc' dir='ltr'>ιτόν</span> 
     </span>
     <span class='ocr_line' id='line_1_68' title="bbox 873 2451 1381 2527; baseline -0.002 -18"><span class='ocrx_word' id='word_1_313' title='bbox 873 2459 919 2509; x_wconf 85' lang='grc' dir='ltr'>τοῦ</span> <span class='ocrx_word' id='word_1_314' title='bbox 948 2458 1149 2527; x_wconf 86' lang='grc' dir='ltr'>Χριστιανισμοῦ</span> <span class='ocrx_word' id='word_1_315' title='bbox 1178 2457 1264 2526; x_wconf 84' lang='grc' dir='ltr'>λόγον.</span> <span class='ocrx_word' id='word_1_316' title='bbox 1295 2451 1381 2510; x_wconf 61' lang='lat' dir='ltr'>Mam</span> 
     </span>
     <span class='ocr_line' id='line_1_69' title="bbox 874 2534 1028 2611; baseline -0.006 -20"><span class='ocrx_word' id='word_1_317' title='bbox 874 2534 968 2611; x_wconf 86' lang='lat' dir='ltr'>Polyc.</span> <span class='ocrx_word' id='word_1_318' title='bbox 984 2554 1028 2591; x_wconf 90' lang='lat'>10.</span> 
     </span>
    </p>

    <p class='ocr_par' dir='ltr' id='par_1_19' title="bbox 832 2615 1385 3827">
     <span class='ocr_line' id='line_1_70' title="bbox 832 2615 1381 2691; baseline -0.007 -19"><span class='ocrx_word' id='word_1_319' title='bbox 832 2621 989 2691; x_wconf 88' lang='grc' dir='ltr'>Χριστιανός.</span> <span class='ocrx_word' id='word_1_320' title='bbox 1032 2618 1068 2671; x_wconf 62' lang='lat' dir='ltr'>ivi</span> <span class='ocrx_word' id='word_1_321' title='bbox 1095 2615 1179 2690; x_wconf 71' lang='grc' dir='ltr'>κλήρῳ</span> <span class='ocrx_word' id='word_1_322' title='bbox 1202 2615 1381 2686; x_wconf 85' lang='grc' dir='ltr'>Ἐφεσίων...</span> 
     </span>
     <span class='ocr_line' id='line_1_71' title="bbox 872 2694 1382 2772; baseline -0.002 -19"><span class='ocrx_word' id='word_1_323' title='bbox 872 2705 922 2753; x_wconf 78' lang='grc' dir='ltr'>τῶν</span> <span class='ocrx_word' id='word_1_324' title='bbox 945 2702 1109 2772; x_wconf 82' lang='grc' dir='ltr'>Χριστιανῶν.</span> <span class='ocrx_word' id='word_1_325' title='bbox 1138 2696 1200 2772; x_wconf 83' lang='lat' dir='ltr'>Ign.</span> <span class='ocrx_word' id='word_1_326' title='bbox 1232 2694 1307 2772; x_wconf 88' lang='lat' dir='ltr'>Eph.</span> <span class='ocrx_word' id='word_1_327' title='bbox 1337 2714 1382 2752; x_wconf 91' lang='lat'>11.</span> 
     </span>
     <span class='ocr_line' id='line_1_72' title="bbox 873 2774 1382 2854; baseline -0.004 -18"><span class='ocrx_word' id='word_1_328' title='bbox 873 2784 897 2836; x_wconf 85' lang='grc' dir='ltr'>οί</span> <span class='ocrx_word' id='word_1_329' title='bbox 915 2781 1129 2854; x_wconf 73' lang='grc' dir='ltr'>ἐπαγγελλόμενοι</span> <span class='ocrx_word' id='word_1_330' title='bbox 1146 2780 1292 2850; x_wconf 77' lang='grc' dir='ltr'>Χριστιανοὶ</span> <span class='ocrx_word' id='word_1_331' title='bbox 1311 2774 1382 2834; x_wconf 77' lang='grc' dir='ltr'>εἶναι.</span> 
     </span>
     <span class='ocr_line' id='line_1_73' title="bbox 877 2861 1382 2933; baseline -0.006 -16"><span class='ocrx_word' id='word_1_332' title='bbox 877 2880 920 2933; x_wconf 90' lang='lat'>14.</span> <span class='ocrx_word' id='word_1_333' title='bbox 963 2863 997 2932; x_wconf 77' lang='grc' dir='ltr'>μὴ</span> <span class='ocrx_word' id='word_1_334' title='bbox 1017 2864 1093 2931; x_wconf 87' lang='grc' dir='ltr'>μόνον</span> <span class='ocrx_word' id='word_1_335' title='bbox 1109 2861 1241 2915; x_wconf 78' lang='grc' dir='ltr'>καλείσθω</span> <span class='ocrx_word' id='word_1_336' title='bbox 1260 2868 1382 2931; x_wconf 87' lang='grc' dir='ltr'>Χριστια·</span> 
     </span>
     <span class='ocr_line' id='line_1_74' title="bbox 873 2942 1382 3018; baseline -0.01 1"><span class='ocrx_word' id='word_1_337' title='bbox 873 2942 939 3001; x_wconf 58' lang='grc' dir='ltr'>οὖν·</span> <span class='ocrx_word' id='word_1_338' title='bbox 959 2942 1055 3018; x_wconf 61' lang='lat' dir='ltr'>Mssffst</span> <span class='ocrx_word' id='word_1_339' title='bbox 1072 2961 1101 3011; x_wconf 85' lang='lat'>4·</span> <span class='ocrx_word' id='word_1_340' title='bbox 1143 2945 1206 3012; x_wconf 79' lang='grc' dir='ltr'>νόνι</span> <span class='ocrx_word' id='word_1_341' title='bbox 1225 2946 1256 3011; x_wconf 76' lang='grc' dir='ltr'>τῇ</span> <span class='ocrx_word' id='word_1_342' title='bbox 1277 2949 1382 3014; x_wconf 66' lang='grc' dir='ltr'>Χριστι-</span> 
     </span>
     <span class='ocr_line' id='line_1_75' title="bbox 874 3020 1383 3099; baseline -0.004 -19"><span class='ocrx_word' id='word_1_343' title='bbox 874 3029 1019 3099; x_wconf 74' lang='grc' dir='ltr'>ανῇτροφῇ</span> <span class='ocrx_word' id='word_1_344' title='bbox 1033 3024 1153 3097; x_wconf 74' lang='grc' dir='ltr'>χρῆσθαι</span> <span class='ocrx_word' id='word_1_345' title='bbox 1169 3021 1257 3079; x_wconf 79' lang='lat' dir='ltr'>Trall.</span> <span class='ocrx_word' id='word_1_346' title='bbox 1273 3023 1302 3079; x_wconf 86' lang='lat'>6.</span> <span class='ocrx_word' id='word_1_347' title='bbox 1344 3020 1383 3078; x_wconf 90' lang='grc' dir='ltr'>’ίνα</span> 
     </span>
     <span class='ocr_line' id='line_1_76' title="bbox 873 3102 1383 3179; baseline -0.004 -18"><span class='ocrx_word' id='word_1_348' title='bbox 873 3108 907 3178; x_wconf 82' lang='grc' dir='ltr'>μτ)</span> <span class='ocrx_word' id='word_1_349' title='bbox 921 3111 997 3175; x_wconf 85' lang='grc' dir='ltr'>μόνον</span> <span class='ocrx_word' id='word_1_350' title='bbox 1006 3106 1119 3179; x_wconf 76' lang='grc' dir='ltr'>λέγομαι</span> <span class='ocrx_word' id='word_1_351' title='bbox 1129 3107 1287 3177; x_wconf 86' lang='grc' dir='ltr'>Χριστιανός.</span> <span class='ocrx_word' id='word_1_352' title='bbox 1298 3102 1383 3161; x_wconf 82' lang='lat' dir='ltr'>Rom.</span> 
     </span>
     <span class='ocr_line' id='line_1_77' title="bbox 875 3187 1385 3260; baseline -0.004 -18"><span class='ocrx_word' id='word_1_353' title='bbox 875 3206 902 3260; x_wconf 83' lang='lat'>3.</span> <span class='ocrx_word' id='word_1_354' title='bbox 961 3190 1112 3260; x_wconf 83' lang='grc' dir='ltr'>Χριστιανὸς</span> <span class='ocrx_word' id='word_1_355' title='bbox 1143 3189 1234 3241; x_wconf 79' lang='grc' dir='ltr'>εὀυτοῢ</span> <span class='ocrx_word' id='word_1_356' title='bbox 1265 3187 1385 3254; x_wconf 73' lang='grc' dir='ltr'>ἐξουσίαν</span> 
     </span>
     <span class='ocr_line' id='line_1_78' title="bbox 872 3266 1382 3342; baseline -0.008 -18"><span class='ocrx_word' id='word_1_357' title='bbox 872 3271 917 3324; x_wconf 77' lang='grc' dir='ltr'>οὐκ</span> <span class='ocrx_word' id='word_1_358' title='bbox 938 3270 1000 3340; x_wconf 72' lang='grc' dir='ltr'>ἔχει.</span> <span class='ocrx_word' id='word_1_359' title='bbox 1019 3266 1114 3342; x_wconf 79' lang='lat' dir='ltr'>Polyc.</span> <span class='ocrx_word' id='word_1_360' title='bbox 1131 3281 1156 3339; x_wconf 84' lang='lat'>7.</span> <span class='ocrx_word' id='word_1_361' title='bbox 1200 3269 1230 3321; x_wconf 84' lang='grc' dir='ltr'>τὸ</span> <span class='ocrx_word' id='word_1_362' title='bbox 1250 3272 1301 3321; x_wconf 84' lang='grc' dir='ltr'>τῶν</span> <span class='ocrx_word' id='word_1_363' title='bbox 1321 3275 1382 3339; x_wconf 82' lang='grc' dir='ltr'>Χρι-</span> 
     </span>
     <span class='ocr_line' id='line_1_79' title="bbox 873 3345 1381 3417; baseline 0 -13"><span class='ocrx_word' id='word_1_364' title='bbox 873 3356 981 3404; x_wconf 79' lang='grc' dir='ltr'>στιανῶν</span> <span class='ocrx_word' id='word_1_365' title='bbox 1001 3348 1123 3412; x_wconf 73' lang='grc' dir='ltr'>θεοσεβές</span> <span class='ocrx_word' id='word_1_366' title='bbox 1143 3347 1271 3417; x_wconf 74' lang='grc' dir='ltr'>σύστημα.</span> <span class='ocrx_word' id='word_1_367' title='bbox 1293 3345 1381 3404; x_wconf 73' lang='lat' dir='ltr'>Mart.</span> 
     </span>
     <span class='ocr_line' id='line_1_80' title="bbox 873 3428 1384 3507; baseline 0.002 -22"><span class='ocrx_word' id='word_1_368' title='bbox 873 3428 936 3507; x_wconf 84' lang='lat' dir='ltr'>Ign.</span> <span class='ocrx_word' id='word_1_369' title='bbox 955 3448 979 3485; x_wconf 88' lang='lat'>2.</span> <span class='ocrx_word' id='word_1_370' title='bbox 1030 3434 1106 3485; x_wconf 80' lang='grc' dir='ltr'>τοῦ..</span> <span class='ocrx_word' id='word_1_371' title='bbox 1122 3430 1274 3494; x_wconf 84' lang='grc' dir='ltr'>,θεοσεβοῦς</span> <span class='ocrx_word' id='word_1_372' title='bbox 1295 3429 1384 3500; x_wconf 78' lang='grc' dir='ltr'>γάνους</span> 
     </span>
     <span class='ocr_line' id='line_1_81' title="bbox 872 3507 1380 3584; baseline -0.002 -18"><span class='ocrx_word' id='word_1_373' title='bbox 872 3518 922 3566; x_wconf 82' lang='grc' dir='ltr'>τῶν</span> <span class='ocrx_word' id='word_1_374' title='bbox 941 3515 1107 3584; x_wconf 77' lang='grc' dir='ltr'>Χριστιανῶν.</span> <span class='ocrx_word' id='word_1_375' title='bbox 1129 3507 1215 3566; x_wconf 75' lang='lat' dir='ltr'>Mart.</span> <span class='ocrx_word' id='word_1_376' title='bbox 1238 3507 1331 3583; x_wconf 82' lang='lat' dir='ltr'>Polye.</span> <span class='ocrx_word' id='word_1_377' title='bbox 1354 3528 1380 3582; x_wconf 83' lang='grc'>3.</span> 
     </span>
     <span class='ocr_line' id='line_1_82' title="bbox 873 3592 1384 3665; baseline -0.002 -19"><span class='ocrx_word' id='word_1_378' title='bbox 873 3596 1024 3665; x_wconf 88' lang='grc' dir='ltr'>Χριστιανός</span> <span class='ocrx_word' id='word_1_379' title='bbox 1043 3593 1102 3661; x_wconf 80' lang='grc' dir='ltr'>εἶμι.</span> <span class='ocrx_word' id='word_1_380' title='bbox 1123 3608 1167 3646; x_wconf 88' lang='grc'>10.</span> <span class='ocrx_word' id='word_1_381' title='bbox 1219 3592 1384 3663; x_wconf 75' lang='grc' dir='ltr'>ὡμολόγησεν</span> 
     </span>
     <span class='ocr_line' id='line_1_83' title="bbox 873 3669 1383 3745; baseline -0.008 -16"><span class='ocrx_word' id='word_1_382' title='bbox 873 3676 961 3730; x_wconf 74' lang='grc' dir='ltr'>ἑαυτὸν</span> <span class='ocrx_word' id='word_1_383' title='bbox 988 3675 1141 3745; x_wconf 80' lang='grc' dir='ltr'>Χριστιανὸν</span> <span class='ocrx_word' id='word_1_384' title='bbox 1167 3669 1237 3727; x_wconf 82' lang='grc' dir='ltr'>εἶναι.</span> <span class='ocrx_word' id='word_1_385' title='bbox 1270 3689 1313 3727; x_wconf 88' lang='lat'>12.</span> <span class='ocrx_word' id='word_1_386' title='bbox 1368 3677 1383 3726; x_wconf 87' lang='grc' dir='ltr'>ό</span> 
     </span>
     <span class='ocr_line' id='line_1_84' title="bbox 872 3752 1249 3827; baseline -0.008 -15"><span class='ocrx_word' id='word_1_387' title='bbox 872 3758 955 3827; x_wconf 72' lang='grc' dir='ltr'>πατὴρ</span> <span class='ocrx_word' id='word_1_388' title='bbox 968 3762 1019 3809; x_wconf 76' lang='grc' dir='ltr'>τῶν</span> <span class='ocrx_word' id='word_1_389' title='bbox 1030 3760 1196 3825; x_wconf 82' lang='grc' dir='ltr'>Χριστιανῶν.</span> <span class='ocrx_word' id='word_1_390' title='bbox 1211 3752 1249 3809; x_wconf 87' lang='lat' dir='ltr'>ib.</span> 
     </span>
    </p>

    <p class='ocr_par' dir='ltr' id='par_1_20' title="bbox 833 3835 1381 3993">
     <span class='ocr_line' id='line_1_85' title="bbox 833 3835 1381 3911; baseline -0.004 -20"><span class='ocrx_word' id='word_1_391' title='bbox 833 3835 1016 3911; x_wconf 85' lang='grc' dir='ltr'>Χριστομαθία.</span> <span class='ocrx_word' id='word_1_392' title='bbox 1057 3837 1126 3890; x_wconf 74' lang='grc' dir='ltr'>ἀλλὰ</span> <span class='ocrx_word' id='word_1_393' title='bbox 1152 3837 1215 3890; x_wconf 80' lang='grc' dir='ltr'>κατά</span> <span class='ocrx_word' id='word_1_394' title='bbox 1236 3844 1381 3908; x_wconf 85' lang='grc' dir='ltr'>Χριστομα-</span> 
     </span>
     <span class='ocr_line' id='line_1_86' title="bbox 873 3915 1187 3993; baseline -0.003 -19"><span class='ocrx_word' id='word_1_395' title='bbox 873 3919 937 3974; x_wconf 88' lang='grc' dir='ltr'>θίαν.</span> <span class='ocrx_word' id='word_1_396' title='bbox 953 3916 1016 3993; x_wconf 82' lang='lat' dir='ltr'>Igu.</span> <span class='ocrx_word' id='word_1_397' title='bbox 1033 3915 1144 3974; x_wconf 74' lang='lat' dir='ltr'>Philad.</span> <span class='ocrx_word' id='word_1_398' title='bbox 1161 3919 1187 3973; x_wconf 89' lang='lat'>8.</span> 
     </span>
    </p>

    <p class='ocr_par' dir='ltr' id='par_1_21' title="bbox 832 3998 1383 4319">
     <span class='ocr_line' id='line_1_87' title="bbox 832 3998 1377 4072; baseline -0.002 -18"><span class='ocrx_word' id='word_1_399' title='bbox 832 4002 1020 4072; x_wconf 82' lang='grc' dir='ltr'>Χριστοῲόρος.</span> <span class='ocrx_word' id='word_1_400' title='bbox 1059 3999 1138 4053; x_wconf 79' lang='grc' dir='ltr'>Ἐοτέ</span> <span class='ocrx_word' id='word_1_401' title='bbox 1156 3998 1377 4068; x_wconf 79' lang='grc' dir='ltr'>οὔν...πάντες,...</span> 
     </span>
     <span class='ocr_line' id='line_1_88' title="bbox 872 4078 1382 4156; baseline -0.006 -19"><span class='ocrx_word' id='word_1_402' title='bbox 872 4084 1057 4155; x_wconf 84' lang='grc' dir='ltr'>Χριστοφόροι.</span> <span class='ocrx_word' id='word_1_403' title='bbox 1072 4079 1134 4156; x_wconf 64' lang='lat' dir='ltr'>Igu</span> <span class='ocrx_word' id='word_1_404' title='bbox 1152 4078 1225 4156; x_wconf 87' lang='lat' dir='ltr'>Eph.</span> <span class='ocrx_word' id='word_1_405' title='bbox 1243 4098 1268 4153; x_wconf 88' lang='lat'>9.</span> <span class='ocrx_word' id='word_1_406' title='bbox 1311 4102 1382 4134; x_wconf 81' lang='grc' dir='ltr'>κατε-</span> 
     </span>
     <span class='ocr_line' id='line_1_89' title="bbox 872 4163 1383 4237; baseline -0.006 -19"><span class='ocrx_word' id='word_1_407' title='bbox 872 4165 975 4237; x_wconf 88' lang='grc' dir='ltr'>πείγετο</span> <span class='ocrx_word' id='word_1_408' title='bbox 992 4164 1041 4236; x_wconf 80' lang='grc' dir='ltr'>γάρ</span> <span class='ocrx_word' id='word_1_409' title='bbox 1059 4163 1109 4218; x_wconf 79' lang='grc' dir='ltr'>ὑπὸ</span> <span class='ocrx_word' id='word_1_410' title='bbox 1127 4167 1178 4216; x_wconf 83' lang='grc' dir='ltr'>τῶν</span> <span class='ocrx_word' id='word_1_411' title='bbox 1194 4165 1383 4233; x_wconf 80' lang='grc' dir='ltr'>στρατιωτῶνό</span> 
     </span>
     <span class='ocr_line' id='line_1_90' title="bbox 872 4241 1285 4319; baseline -0.005 -19"><span class='ocrx_word' id='word_1_412' title='bbox 872 4246 1061 4318; x_wconf 82' lang='grc' dir='ltr'>Χριστοφόρος.</span> <span class='ocrx_word' id='word_1_413' title='bbox 1077 4241 1163 4301; x_wconf 71' lang='lat' dir='ltr'>Mart.</span> <span class='ocrx_word' id='word_1_414' title='bbox 1179 4242 1242 4319; x_wconf 80' lang='lat' dir='ltr'>Ig&#39;n.</span> <span class='ocrx_word' id='word_1_415' title='bbox 1260 4256 1285 4314; x_wconf 90' lang='lat'>5.</span> 
     </span>
    </p>

    <p class='ocr_par' dir='ltr' id='par_1_22' title="bbox 832 4325 1383 4546">
     <span class='ocr_line' id='line_1_91' title="bbox 832 4325 1383 4399; baseline -0.007 -17"><span class='ocrx_word' id='word_1_416' title='bbox 832 4330 1017 4399; x_wconf 82' lang='grc' dir='ltr'>Χριστῶνυμος.</span> <span class='ocrx_word' id='word_1_417' title='bbox 1067 4326 1188 4396; x_wconf 75' lang='grc' dir='ltr'>ἐκκλησία</span> <span class='ocrx_word' id='word_1_418' title='bbox 1192 4368 1264 4382; x_wconf 90' lang='grc'>......</span> <span class='ocrx_word' id='word_1_419' title='bbox 1269 4325 1323 4393; x_wconf 76' lang='grc' dir='ltr'>ἧτις</span> <span class='ocrx_word' id='word_1_420' title='bbox 1343 4327 1383 4379; x_wconf 80' lang='grc' dir='ltr'>καὶ</span> 
     </span>
     <span class='ocr_line' id='line_1_92' title="bbox 871 4404 1380 4482; baseline -0.006 -19"><span class='ocrx_word' id='word_1_421' title='bbox 871 4409 1280 4479; x_wconf 79' lang='grc' dir='ltr'>προκάθηται...Χριστῶνυμος.</span> <span class='ocrx_word' id='word_1_422' title='bbox 1318 4404 1380 4482; x_wconf 86' lang='lat' dir='ltr'>Ign.</span> 
     </span>
     <span class='ocr_line' id='line_1_93' title="bbox 873 4487 1062 4546; baseline -0.011 0"><span class='ocrx_word' id='word_1_423' title='bbox 873 4487 955 4546; x_wconf 78' lang='lat' dir='ltr'>Rom</span> <span class='ocrx_word' id='word_1_424' title='bbox 973 4487 1062 4545; x_wconf 81' lang='lat' dir='ltr'>Inscr.</span> 
     </span>
    </p>

    <p class='ocr_par' dir='ltr' id='par_1_23' title="bbox 833 4569 1384 5454">
     <span class='ocr_line' id='line_1_94' title="bbox 833 4569 1382 4643; baseline -0.007 -18"><span class='ocrx_word' id='word_1_425' title='bbox 833 4573 937 4643; x_wconf 84' lang='grc' dir='ltr'>Χρόνος.</span> <span class='ocrx_word' id='word_1_426' title='bbox 980 4570 1016 4627; x_wconf 81' lang='grc' dir='ltr'>είς</span> <span class='ocrx_word' id='word_1_427' title='bbox 1032 4569 1061 4623; x_wconf 78' lang='grc' dir='ltr'>όν</span> <span class='ocrx_word' id='word_1_428' title='bbox 1073 4569 1249 4641; x_wconf 82' lang='grc' dir='ltr'>πληρωθέντος</span> <span class='ocrx_word' id='word_1_429' title='bbox 1262 4571 1308 4622; x_wconf 87' lang='grc' dir='ltr'>τοῦ</span> <span class='ocrx_word' id='word_1_430' title='bbox 1320 4570 1382 4637; x_wconf 92' lang='grc' dir='ltr'>χρό-</span> 
     </span>
     <span class='ocr_line' id='line_1_95' title="bbox 873 4648 1383 4721; baseline -0.002 -15"><span class='ocrx_word' id='word_1_431' title='bbox 873 4675 924 4708; x_wconf 93' lang='grc' dir='ltr'>νου.</span> <span class='ocrx_word' id='word_1_432' title='bbox 943 4649 1032 4708; x_wconf 77' lang='lat' dir='ltr'>OEem.</span> <span class='ocrx_word' id='word_1_433' title='bbox 1048 4648 1065 4705; x_wconf 91' lang='lat' dir='ltr'>I</span> <span class='ocrx_word' id='word_1_434' title='bbox 1082 4663 1127 4721; x_wconf 88' lang='lat'>25.</span> <span class='ocrx_word' id='word_1_435' title='bbox 1169 4650 1215 4705; x_wconf 79' lang='grc' dir='ltr'>τάς</span> <span class='ocrx_word' id='word_1_436' title='bbox 1234 4649 1383 4721; x_wconf 77' lang='grc' dir='ltr'>άναγραφάς</span> 
     </span>
     <span class='ocr_line' id='line_1_96' title="bbox 872 4729 1380 4805; baseline -0.01 -18"><span class='ocrx_word' id='word_1_437' title='bbox 872 4739 922 4787; x_wconf 77' lang='grc' dir='ltr'>τῶν</span> <span class='ocrx_word' id='word_1_438' title='bbox 941 4736 1047 4805; x_wconf 88' lang='grc' dir='ltr'>χρόνων.</span> <span class='ocrx_word' id='word_1_439' title='bbox 1066 4729 1105 4787; x_wconf 79' lang='lat' dir='ltr'>ib.</span> <span class='ocrx_word' id='word_1_440' title='bbox 1148 4732 1176 4784; x_wconf 80' lang='grc' dir='ltr'>εἰς</span> <span class='ocrx_word' id='word_1_441' title='bbox 1194 4733 1244 4802; x_wconf 83' lang='grc' dir='ltr'>γάρ</span> <span class='ocrx_word' id='word_1_442' title='bbox 1265 4731 1295 4798; x_wconf 74' lang='grc' dir='ltr'>δη</span> <span class='ocrx_word' id='word_1_443' title='bbox 1314 4733 1380 4783; x_wconf 86' lang='grc' dir='ltr'>πολ-</span> 
     </span>
     <span class='ocr_line' id='line_1_97' title="bbox 872 4813 1374 4886; baseline -0.008 -18"><span class='ocrx_word' id='word_1_444' title='bbox 872 4817 925 4868; x_wconf 81' lang='grc' dir='ltr'>λῶν</span> <span class='ocrx_word' id='word_1_445' title='bbox 945 4817 1045 4886; x_wconf 81' lang='grc' dir='ltr'>χρόνων</span> <span class='ocrx_word' id='word_1_446' title='bbox 1066 4813 1215 4885; x_wconf 86' lang='grc' dir='ltr'>ε’γέγραπτο.</span> <span class='ocrx_word' id='word_1_447' title='bbox 1240 4827 1285 4881; x_wconf 86' lang='lat'>42.</span> <span class='ocrx_word' id='word_1_448' title='bbox 1335 4834 1374 4880; x_wconf 70' lang='lat' dir='ltr'>pt·</span> 
     </span>
     <span class='ocr_line' id='line_1_98' title="bbox 872 4895 1378 4968; baseline 0.002 -20"><span class='ocrx_word' id='word_1_449' title='bbox 872 4895 1074 4968; x_wconf 80' lang='grc' dir='ltr'>μαρπιρημένους</span> <span class='ocrx_word' id='word_1_450' title='bbox 1095 4916 1123 4947; x_wconf 90' lang='grc' dir='ltr'>τε</span> <span class='ocrx_word' id='word_1_451' title='bbox 1144 4895 1252 4949; x_wconf 83' lang='grc' dir='ltr'>πολλοῖς</span> <span class='ocrx_word' id='word_1_452' title='bbox 1273 4895 1378 4964; x_wconf 75' lang='grc' dir='ltr'>χρόνοις.</span> 
     </span>
     <span class='ocr_line' id='line_1_99' title="bbox 873 4972 1384 5049; baseline -0.006 -3"><span class='ocrx_word' id='word_1_453' title='bbox 873 4995 921 5046; x_wconf 79' lang='grc'>44·</span> <span class='ocrx_word' id='word_1_454' title='bbox 976 4979 1003 5032; x_wconf 71' lang='grc' dir='ltr'>ἓν</span> <span class='ocrx_word' id='word_1_455' title='bbox 1035 4979 1116 5049; x_wconf 58' lang='grc' dir='ltr'>μανῷ</span> <span class='ocrx_word' id='word_1_456' title='bbox 1150 4977 1234 5048; x_wconf 72' lang='grc' dir='ltr'>ινόνν</span> <span class='ocrx_word' id='word_1_457' title='bbox 1267 4972 1384 5043; x_wconf 67' lang='grc' dir='ltr'>τοιαύτην</span> 
     </span>
     <span class='ocr_line' id='line_1_100' title="bbox 872 5053 1380 5132; baseline -0.012 -19"><span class='ocrx_word' id='word_1_458' title='bbox 872 5057 1013 5127; x_wconf 72' lang='grc' dir='ltr'>οισίηθειαν.</span> <span class='ocrx_word' id='word_1_459' title='bbox 1036 5056 1099 5132; x_wconf 81' lang='lat' dir='ltr'>Igu.</span> <span class='ocrx_word' id='word_1_460' title='bbox 1119 5053 1191 5131; x_wconf 90' lang='lat' dir='ltr'>Eph.</span> <span class='ocrx_word' id='word_1_461' title='bbox 1212 5069 1240 5127; x_wconf 91' lang='lat'>5.</span> <span class='ocrx_word' id='word_1_462' title='bbox 1282 5055 1312 5123; x_wconf 76' lang='grc' dir='ltr'>ἐξ</span> <span class='ocrx_word' id='word_1_463' title='bbox 1335 5055 1380 5125; x_wconf 78' lang='grc' dir='ltr'>άρ·</span> 
     </span>
     <span class='ocr_line' id='line_1_101' title="bbox 871 5133 1382 5211; baseline -0.008 -18"><span class='ocrx_word' id='word_1_464' title='bbox 871 5141 953 5209; x_wconf 88' lang='grc' dir='ltr'>χαίων</span> <span class='ocrx_word' id='word_1_465' title='bbox 972 5137 1175 5211; x_wconf 83' lang='grc' dir='ltr'>ιιατογελλομένη</span> <span class='ocrx_word' id='word_1_466' title='bbox 1199 5140 1304 5209; x_wconf 88' lang='grc' dir='ltr'>χρόνων.</span> <span class='ocrx_word' id='word_1_467' title='bbox 1328 5133 1382 5189; x_wconf 90' lang='lat' dir='ltr'>Po·</span> 
     </span>
     <span class='ocr_line' id='line_1_102' title="bbox 872 5217 1384 5295; baseline -0.006 -21"><span class='ocrx_word' id='word_1_468' title='bbox 872 5217 925 5295; x_wconf 85' lang='lat' dir='ltr'>lyc.</span> <span class='ocrx_word' id='word_1_469' title='bbox 949 5218 1019 5277; x_wconf 77' lang='lat' dir='ltr'>Phil.</span> <span class='ocrx_word' id='word_1_470' title='bbox 1044 5237 1067 5274; x_wconf 89' lang='lat'>1.</span> <span class='ocrx_word' id='word_1_471' title='bbox 1110 5221 1307 5291; x_wconf 82' lang='grc' dir='ltr'>ε’φανεράσαμεν</span> <span class='ocrx_word' id='word_1_472' title='bbox 1328 5218 1384 5286; x_wconf 75' lang='grc' dir='ltr'>ὑμῖν</span> 
     </span>
     <span class='ocr_line' id='line_1_103' title="bbox 877 5298 1383 5374; baseline -0.01 -18"><span class='ocrx_word' id='word_1_473' title='bbox 877 5303 956 5356; x_wconf 78' lang='grc' dir='ltr'>...τόν</span> <span class='ocrx_word' id='word_1_474' title='bbox 975 5302 1076 5372; x_wconf 82' lang='grc' dir='ltr'>χρόνον.</span> <span class='ocrx_word' id='word_1_475' title='bbox 1098 5298 1184 5357; x_wconf 78' lang='lat' dir='ltr'>Mart.</span> <span class='ocrx_word' id='word_1_476' title='bbox 1205 5298 1270 5374; x_wconf 85' lang='lat' dir='ltr'>Ign.</span> <span class='ocrx_word' id='word_1_477' title='bbox 1287 5313 1312 5371; x_wconf 84' lang='lat'>7.</span> <span class='ocrx_word' id='word_1_478' title='bbox 1356 5300 1383 5351; x_wconf 91' lang='grc' dir='ltr'>έν</span> 
     </span>
     <span class='ocr_line' id='line_1_104' title="bbox 873 5378 1382 5454; baseline -0.004 -18"><span class='ocrx_word' id='word_1_479' title='bbox 873 5387 925 5440; x_wconf 78' lang='grc' dir='ltr'>τοῖς</span> <span class='ocrx_word' id='word_1_480' title='bbox 943 5383 1000 5437; x_wconf 80' lang='grc' dir='ltr'>καθ’</span> <span class='ocrx_word' id='word_1_481' title='bbox 1018 5384 1080 5453; x_wconf 75' lang='grc' dir='ltr'>ἡμᾶς</span> <span class='ocrx_word' id='word_1_482' title='bbox 1100 5385 1208 5454; x_wconf 88' lang='grc' dir='ltr'>χρόνοις.</span> <span class='ocrx_word' id='word_1_483' title='bbox 1226 5379 1311 5439; x_wconf 71' lang='lat' dir='ltr'>Man.</span> <span class='ocrx_word' id='word_1_484' title='bbox 1330 5378 1382 5435; x_wconf 84' lang='lat' dir='ltr'>Po-</span> 
     </span>
    </p>

    <p class='ocr_par' dir='ltr' id='par_1_24' title="bbox 913 5483 929 5518">
     <span class='ocr_line' id='line_1_105' title="bbox 913 5483 929 5518; baseline 0 0"><span class='ocrx_word' id='word_1_485' title='bbox 913 5483 929 5518; x_wconf 82' lang='lat' dir='ltr'><strong>r</strong></span> 
     </span>
    </p>
   </div>
   <div class='ocr_carea' id='block_1_7' title="bbox 0 0 1630 6614">
    <p class='ocr_par' dir='ltr' id='par_1_25' title="bbox 0 0 1630 6614">
     <span class='ocr_line' id='line_1_106' title="bbox 0 0 1630 6614; baseline 0 0"><span class='ocrx_word' id='word_1_486' title='bbox 0 0 1630 6614; x_wconf 95' lang='lat' dir='ltr'> </span> 
     </span>
    </p>
   </div>
  </div>
 </body>
</html>
