3250 6617
545 1068 607 1131 ΑΙ)
629 1067 921 1146 CORINTHIOS,
936 1068 978 1132 vi.
1242 1070 1282 1132 31

242 1242 361 1318 locum
378 1253 546 1317 sanctum
563 1242 882 1342 abiitpetientiae
899 1268 1083 1316 summum
1100 1242 1287 1342 exemplar

242 1360 413 1434 existens.

277 1499 346 1574 VI.
365 1500 466 1573 Viris
482 1499 564 1574 istis
581 1509 706 1574 sancte
722 1499 839 1574 vitam
855 1498 1136 1573 instituentibus
1153 1525 1288 1599 magne

242 1617 440 1692 electorum
468 1616 670 1693 multitudo
695 1627 897 1717 aggregate
921 1627 987 1704 est,
1014 1616 1087 1715 qui,
1107 1616 1287 1716 supplicia

242 1735 360 1809 multe
385 1745 425 1809 et
448 1743 633 1808 tormenta
656 1743 807 1833 propter
827 1733 947 1808 zelum
971 1735 1079 1833 passi,
1101 1735 1288 1834 exemplar

242 1852 424 1952 optimum
440 1852 619 1925 internos
636 1851 869 1925 exstiterunt.
901 1851 1056 1950 Propter
1071 1851 1191 1926 zelum
1207 1879 1287 1927 mu-

241 1967 348 2042 lieres
372 1967 693 2066 persequutionem
718 1992 856 2066 passae,
877 1965 1063 2040 Danaides
1085 1975 1125 2040 et
1145 1967 1287 2054 Dirces,

242 2215 368 2275 rectione
386 2217 495 2293 primus
510 2223 681 2293 conquestus
699 2222 744 2274 est
784 2215 865 2274 Artis
886 2214 1010 2275 Criticse
1027 2217 1077 2274 III
1092 2216 1123 2274 iii
1139 2231 1166 2291 5,
1189 2218 1221 2294 §5
1240 2237 1286 2289 14,

243 2299 373 2357 (lrsbius.
417 2298 525 2356 Millius
539 2306 569 2357 et
582 2297 745 2356 Berriman-
788 2297 922 2374 15,jubet
935 2318 988 2356 nos
997 2299 1119 2357 scribere
1132 2303 1191 2355 ἄνευ
1201 2303 1288 2358 αἰδοῦς

242 2399 296 2437 nus
310 2380 453 2439 affirmant
465 2400 495 2438 se
514 2380 635 2457 vestigia
647 2379 744 2456 virgu-
784 2383 824 2434 καὶ
833 2380 901 2450 δίκης
908 2379 970 2436 siue
977 2379 1134 2437 revereretur
1142 2390 1167 2437 et
1170 2381 1247 2457 jure,
1256 2380 1284 2438 h.

242 2461 286 2519 lae
298 2482 351 2538 per
363 2461 476 2520 literam
490 2461 579 2519 rusa
588 2461 689 2520 (luctae
703 2461 744 2518 vi-
786 2479 809 2518 e.
822 2460 1011 2519 irreverenter
1021 2461 1119 2519 habito
1132 2481 1203 2520 sexu
1217 2462 1288 2520 infe·

242 2543 309 2601 dere
336 2543 470 2620 potuisse.
513 2542 622 2602 Contra
648 2549 745 2601 eutem
785 2541 1166 2618 riore,etcontrajusetfes.
1183 2543 1287 2602 Susch-

243 2623 427 2696 Wetstenius‚
458 2623 616 2702 Prolegom
645 2645 672 2701 p.
698 2642 744 2696 22,
784 2622 859 2694 kius,
878 2643 916 2682 ex
933 2622 998 2682 Act
1013 2623 1073 2681 xvii
1088 2642 1136 2697 34,
1150 2625 1224 2683 stix
1238 2627 1286 2699 36,

242 2705 391 2764 contendit
398 2705 507 2764 nullam
515 2706 603 2764 telem
611 2704 745 2763 lineolam
785 2709 898 2778 Δάμαρις
911 2705 952 2761 καὶ
965 2709 1064 2778 Δορκάς
1076 2705 1287 2764 restituendum

242 2794 364 2859 exstare,
399 2806 553 2864 veramque
593 2786 745 2846 lectionem
785 2805 846 2844 esse
880 2786 1028 2863 conjectet.
1091 2786 1288 2846 Fenerleinius

243 2867 313 2927 cod.
329 2869 411 2927 Alex
427 2888 488 2927 esse
502 2879 542 2925 οἳ
557 2888 615 2926 non
628 2879 678 2926 θΣ.
701 2867 745 2925 Tu
784 2867 945 2945 suspicatur
960 2867 1055 2926 locum
1075 2868 1159 2945 culpe
1178 2869 1287 2927 librarii

241 2950 339 3009 confer
352 2949 469 3009 omnino
481 2950 589 3009 Woidii
599 2948 745 3008 Notitiam
785 2949 921 3020 laborare,
936 2956 966 3007 et
979 2949 1095 3008 nomino
1108 2950 1176 3010 hoec
1194 2970 1211 3009 e
1224 2951 1287 3009 loco

243 3031 356 3091 Codicis
377 3032 459 3091 Aion
479 3032 522 3091 ecl
542 3030 650 3109 Spohn.
666 3030 743 3107 Lips
785 3050 838 3089 suo
861 3030 957 3108 paullo
980 3030 1055 3088 infre
1074 3051 1188 3090 sursum
1208 3040 1287 3092 mota

245 3116 331 3188 1788,
346 3135 373 3192 p.
393 3118 457 3172 181.
785 3112 893 3185 fuisse,
913 3112 1066 3172 lectionem
1078 3113 1169 3192 igitur
1185 3114 1228 3172 its
1243 3135 1288 3172 re-

284 3215 310 3267 4.
325 3199 425 3254 πολλᾶς
443 3197 523 3252 αἰκίας
542 3197 582 3250 καὶ
602 3190 744 3274 βασάνους]
785 3193 870 3271 fingit
883 3238 909 3252 ..
926 3199 1050 3266 ..Ζῆλος
1075 3196 1287 3269 &mempisco

242 3275 290 3335 Ite
307 3276 520 3335 rescribendum
537 3275 671 3334 viderunt
687 3274 746 3333 edi-
786 3273 1284 3350 ΔωαΐδαςκαὶΔίρςηνγαμςςὰςᾰνδρῶν.

241 3364 319 3417 tores
333 3377 431 3417 omnes
451 3377 505 3436 pro
518 3356 640 3416 lectione
660 3357 744 3434 plene
785 3356 842 3415 Sed
855 3356 933 3415 hisce
946 3364 976 3416 et
993 3357 1099 3416 telibus
1116 3358 1288 3435 conjecturis

241 3439 345 3499 vitiose
388 3458 475 3517 quam
514 3439 632 3516 praebet
673 3437 742 3496 cod.
783 3437 928 3497 neminem
950 3437 1032 3496 fecile
1058 3439 1286 3518 subscripturum

243 3519 353 3594 MStus,
366 3526 476 3581 πολλοῖς
495 3523 585 3579 αἰκίαις
604 3523 645 3577 καὶ
660 3522 745 3586 Bact-
784 3539 845 3578 esse
858 3527 937 3596 pute.
964 3519 1126 3592 Wottonus,
1140 3519 1195 3580 hoc
1207 3522 1287 3579 nisus

242 3626 299 3661 νοις.
782 3608 962 3679 argumento,
975 3620 1012 3660 sc.
1027 3601 1145 3659 nornine
1159 3622 1217 3661 non
1233 3603 1287 3660 rni-

285 3686 313 3741 6.
328 3685 442 3752 ἐγίνοντο
453 3689 482 3740 ἐν
494 3679 574 3763 ἡμῖν]
599 3682 746 3741 Russelins
784 3702 838 3741 nus
847 3681 971 3741 Ethnice
983 3682 1041 3759 legi
1053 3682 1084 3741 in
1093 3683 1146 3760 Ep.
1156 3683 1192 3741 ad
1202 3684 1285 3742 Rom.

240 3783 280 3824 ex
292 3765 337 3823 his
350 3765 445 3824 verbis
457 3764 576 3842 colligit,
588 3763 616 3823 S.
627 3764 746 3823 Petrum
785 3763 843 3836 xvi,
858 3762 1017 3836 Constant,
1031 3764 1242 3842 Beithmayrus,
1257 3775 1287 3824 et

243 3845 352 3905 Romae
365 3846 459 3918 misse,
473 3854 504 3906 et
516 3846 625 3905 ibidem
638 3853 746 3922 marty·
785 3845 948 3904 Tillemont
978 3845 1140 3919 Minicio-ee,
1174 3846 1195 3903 ii
1220 3865 1286 3922 119,

242 3927 319 3986 rium
332 3928 457 3988 subiisse.
784 3926 897 4003 quibus,
915 3926 939 3985 si
959 3934 1037 3986 recto
1057 3927 1183 4000 memini,
1199 3927 1288 3987 adsti-

285 4023 311 4083 7.
330 4007 470 4070 tumme
489 4013 530 4066 ml
550 4007 658 4082 abead
697 4007 744 4066 Ita
783 4007 958 4085 puleturvir
971 4008 1151 4067 doctissimus
1161 4008 1287 4086 mihique

244 4089 314 4149 coc
330 4090 392 4150 MS.
414 4100 501 4168 atque
521 4091 564 4150 ita
584 4109 649 4147 curn
700 4096 744 4147 ot·
783 4089 973 4148 smicissimns
985 4089 1127 4156 Bleekius.
1142 4089 1288 4149 Professor

241 4179 313 4233 tono
334 4171 509 4231 Gallandim.
551 4169 664 4231 Ceetcri
683 4190 744 4228 om·
785 4171 951 4238 Bonnensis,
964 4171 1035 4231 setis
1053 4171 1207 4231 verisimile
1227 4191 1289 4231 esse

242 4272 293 4312 nes
313 4273 378 4312 cum
392 4254 480 4314 Junio
499 4253 637 4312 exhibent
657 4254 741 4326 Δίρκη.
783 4252 894 4312 ducunt
907 4253 1024 4312 Danaen
1041 4260 1071 4312 et
1083 4253 1191 4311 Dircen
1210 4253 1289 4312 illus-

244 4334 308 4394 Hes
333 4355 426 4401 voces,
449 4344 598 4413 tamquam
627 4352 744 4411 prorsus
783 4341 843 4393 tros
856 4334 1089 4394 brisseloeminas
1100 4335 1215 4395 aliunde
1225 4334 1288 4413 qui-

242 4417 349 4481 alienas
372 4438 390 4475 e
410 4417 439 4476 S.
456 4418 550 4490 Patre,
570 4415 690 4474 Wskius
714 4420 744 4473 et
783 4416 851 4474 dem
866 4416 949 4475 nobis
966 4416 1088 4493 ignotas,
1101 4436 1174 4494 quae
1193 4417 1288 4494 prime

243 4497 449 4558 Ohevallierius
490 4500 522 4557 in
565 4496 744 4556 versionibus
783 4498 980 4574 persecutione
993 4517 1011 4556 a
1024 4497 1141 4556 Nerone
1162 4498 1288 4557 excitate

242 4580 301 4639 suis
314 4581 588 4658 penitusomittunt
631 4577 663 4636 Si
684 4598 744 4637 om·
783 4578 923 4656 martyrio
933 4586 1083 4638 eoronstee
1093 4578 1205 4638 luerint
1227 4578 1288 4638 He-

242 4662 312 4721 nino
342 4662 507 4722 retinendus
536 4668 612 4730 eunt,
639 4659 744 4718 lunius
783 4659 852 4719 lelio
878 4660 1023 4738 perplacet
1047 4659 1103 4718 viri
1129 4660 1286 4720 doctissimi

235 4743 412 4821 *perticulam
426 4747 460 4802 ὣς
473 4742 659 4821 praemissam
672 4741 742 4800 vult.
784 4741 866 4818 cujus
892 4759 997 4800 nomen
1019 4741 1157 4801 reticetur
1181 4742 1286 4819 opinio,

243 4830 327 4897 Δανάη
360 4850 389 4882 τε
426 4829 466 4882 καὶ
500 4827 578 4898 Δίρκη
611 4823 745 4882 emendet
785 4821 923 4881 foeminas
932 4822 1288 4889 Christienmedcrudele

244 4906 411 4977 Oetelerins,
444 4907 584 4984 probante
614 4904 745 4964 Colume-
785 4903 877 4981 plebis
909 4904 1110 4981 spectaculum,
1137 4925 1288 4982 personum

242 4988 292 5047 sio.
322 4987 490 5067 Legeudnm
503 5007 563 5046 esse
576 4990 692 5054 εὐσεβεῖς
704 4990 745 5043 καὶ
785 4986 887 5044 Dirces
919 4985 1044 5059 induere,
1069 4992 1100 5045 et
1123 4984 1288 5046 Danaidum

242 5073 333 5128 πισταί
345 5070 462 5148 conjicit
474 5069 588 5128 Boisins
600 5089 610 5140 3
630 5071 704 5142 ἁγνοί
715 5092 744 5125 τε
783 5066 925 5145 supplicis
943 5067 1039 5126 subire
1062 5075 1174 5127 coactns
1193 5068 1286 5128 luisse.

242 5155 283 5210 καὶ
306 5155 398 5210 δίκαιαι
422 5151 564 5212 Davisius
608 5148 743 5221 Clericus,
785 5148 1113 5228 Egomneuihilmelius
1123 5149 1190 5209 novi
1201 5171 1288 5229 quam
