3250 6617
337 1040 402 1104 214
702 1039 735 1103 S.
759 1039 1016 1104 CLEMENTIS

174 1225 294 1277 Pmlia
394 1207 495 1291 NH'.
525 1211 573 1291 ‘O
595 1207 845 1310 παντεπύπτης
866 1207 958 1295 Θεὸς
983 1212 1065 1316 [καὶ]
1090 1207 1282 1309 Δεσπότης
1306 1216 1382 1290 τῶν

335 1334 544 1436 πνευμάτων
576 1341 633 1416 καὶ
663 1335 794 1441 Κύριος
823 1340 971 1445 [πά]σης
1002 1335 1150 1442 σαρκός,
1178 1339 1199 1416 ὁ
1229 1335 1379 1442 ἐκλεξά-

335 1499 439 1564 μενος
468 1463 556 1571 [τὸ]ν
588 1462 721 1567 Κύριον
748 1463 893 1564 Ἰησοῦν
922 1462 1096 1570 Χριστόν,
1126 1467 1184 1544 καὶ
1212 1464 1303 1563 ἡμᾶς
1334 1463 1379 1543 δι’

337 1593 443 1672 αῦτοῦ
464 1593 536 1697 [sik
554 1589 646 1671 λαῦν
670 1590 886 1695 περιούσιον,
916 1590 989 1700 δῴη
1015 1590 1118 1699 πάσῃ
1148 1594 1277 1700 [ψ]υχῇ
1301 1594 1377 1673 ἐπι·

336 1718 530 1825 κεκλημέιηγ
547 1717 589 1799 τὸ
606 1717 903 1826 μεγαλο[π]ρεπές
921 1725 979 1800 καὶ
997 1719 1100 1823 άγιον
1117 1720 1230 1818 ὄνομα
1254 1722 1377 1818 αῦτοῦ,
1393 1760 1411 1818 5

338 1851 496 1954 [aliatus
530 1847 659 1955 φόβον,
697 1846 846 1951 εἰρήνην,
884 1847 1077 1949 ὑπομονήν,
1116 1848 1377 1951 μακροθυμίαν,

337 1973 548 2078 ἐγκράτειαν,
575 1975 717 2076 ἁγνείαν
739 1976 797 2054 καὶ
829 1973 1086 2083 σωφροσύνην,
1115 1979 1163 2060 εὶς
1189 1972 1379 2079 εὐαρέστη-

337 2138 399 2183 σιν
416 2107 467 2210 τῷ
485 2101 630 2201 ὀνόματι
648 2104 769 2195 αῦτοῦ,
783 2101 842 2181 διὰ
859 2113 921 2184 τοῦ
940 2104 1124 2209 ἀρχιερέως
1142 2106 1200 2183 καὶ
1217 2099 1381 2206 προστά-

336 2267 400 2313 του
428 2233 528 2331 ἡμῶν
556 2233 679 2331 Ἰησοῦ
707 2236 883 2335 Χριστοῦ·
928 2231 970 2310 δι’
1001 2231 1042 2311 οῦ
1074 2233 1169 2339 αύτῷ
1198 2227 1289 2334 δόξα
1321 2232 1380 2309 καὶ

336 2358 588 2462 μεγαλωσύνη,
616 2355 758 2462 κράτος,
786 2358 884 2461 τιμή,
914 2361 973 2439 καὶ
997 2368 1059 2440 νῦν
1082 2362 1140 2439 καὶ
1166 2364 1214 2444 εἱς
1242 2356 1381 2445 πάντας
1396 2401 1431 2439 ιο

337 2485 419 2574 τοῦς
446 2493 574 2573 αἰῶνας
597 2493 670 2567 τῶν
694 2486 843 2568 αἰώνων.
901 2487 1030 2588 Ἀμήν.

173 2633 295 2710 corinthii
395 2612 491 2696 NO'.
513 2612 608 2698 Τοῦς
626 2614 663 2694 δὲ
681 2612 971 2714 ἀπεσταλμένους
993 2614 1056 2722 ἀφ’
1075 2614 1175 2714 ἡμῶν
1195 2613 1381 2695 Κλαύδιον

172 2715 303 2816 ¹cnliiiiinio
331 2740 516 2852 Ἔφηβον,
542 2746 599 2822 καὶ
628 2741 827 2846 Οὐαλέριον
853 2742 1002 2841 Βίτωνα,
1029 2739 1100 2823 σῦν
1129 2746 1188 2822 καὶ
1216 2747 1377 2848 Φορτου-

339 2984 400 3023 osse
409 2963 523 3022 illorum
533 2963 668 3036 rationes,
676 2963 726 3041 qui
735 2969 837 3039 most
878 2972 1090 3041 peropportune
1103 2962 1145 3021 illi
1159 2962 1221 3021 looo
1235 2963 1378 3037 convenit,

340 3070 395 3116 ιητι
407 3045 492 3122 hujus
506 3045 652 3122 Epistolae
671 3064 705 3104 eo
722 3044 838 3103 nomine
878 3052 908 3104 et
931 3045 1138 3104 accommodari
1162 3052 1258 3121 potest
1281 3044 1313 3103 in
1337 3046 1378 3103 E-

339 3127 432 3185 dicam
452 3127 588 3199 scribunt,
606 3127 683 3203 quod
703 3126 839 3185 nonnulla
877 3127 982 3203 pistola
1015 3127 1051 3185 ad
1084 3126 1170 3184 finem
1200 3127 1376 3187 decurrente„

339 3208 543 3267 testimonias
566 3207 699 3267 Patribus
716 3207 838 3286 allegata
878 3207 991 3265 FREY.

339 3290 370 3347 in
387 3289 439 3348 hso
453 3289 585 3367 Epistola
604 3309 661 3349 non
679 3296 836 3347 occurrant.
916 3309 942 3361 4.
964 3286 1028 3370 [elle
1044 3292 1107 3346 λαὸν
1118 3286 1284 3369 neptuim]
1306 3289 1379 3348 lmi-

340 3371 553 3436 Desiderantur,
567 3371 656 3442 aiunt,
670 3389 742 3448 quas
752 3370 836 3430 Aust
878 3377 958 3429 tatur
986 3370 1106 3428 Paulum
1133 3370 1170 3428 ad
1196 3370 1251 3429 Tit.
1281 3370 1301 3427 ii
1331 3391 1377 3444 14.

340 3453 454 3526 Quasst.
465 3461 494 3511 et
503 3453 586 3529 Rosp.
599 3452 836 3523 adOtthodoxos,
878 3452 919 3511 At
948 3452 1052 3510 Paulus
1079 3472 1094 3510 e
1122 3451 1202 3508 Lxx
1229 3452 1302 3510 hanc
1336 3453 1379 3512 lo-

340 3534 396 3608 Qu.
419 3549 466 3608 74,
490 3530 576 3614 [Vide
599 3554 693 3611 supra,
714 3541 744 3592 et
764 3534 836 3591 conl.
878 3534 1045 3611 quutionem
1068 3533 1218 3592 mutuavit.
1242 3534 1376 3594 Davls

340 3636 368 3693 p.
387 3612 467 3696 τοι]
513 3615 635 3673 Basilius
650 3616 679 3673 in
694 3615 786 3673 Tract.
802 3615 838 3673 de
879 3615 958 3674 Conl.
975 3616 990 3673 I
1006 3615 1065 3674 Pet.
1081 3615 1102 3671 ii
1120 3634 1146 3689 9,
1167 3619 1229 3674 λαὸς
1248 3617 1285 3674 εἷς
1304 3641 1377 3690 πιρι-

341 3698 451 3774 Spiritu
462 3697 575 3770 Sancto,
587 3717 609 3755 o.
625 3716 670 3771 29,
682 3697 786 3774 aliique
800 3716 836 3755 ex
876 3700 986 3767 ποίησιν.
1022 3697 1250 3773 Chrysostomus,
1265 3696 1377 3757 Homil

340 3780 392 3837 hac
419 3779 549 3855 Epistola
578 3779 745 3856 allegarunt.
796 3778 838 3837 At
877 3778 936 3836 vin
946 3779 998 3855 Ep.
1014 3778 1050 3835 ad
1061 3778 1117 3836 Tit.
1132 3774 1217 3858 [Opp.
1235 3778 1263 3835 xi
1278 3799 1304 3855 p.
1317 3793 1377 3854 759

339 3881 415 3930 vero,
430 3881 465 3918 ne
485 3860 579 3918 dicam
598 3860 737 3937 quaedam
757 3859 837 3919 tosti·
878 3860 920 3917 ed.
944 3856 1065 3940 Bened]
1088 3859 1294 3937 inteqiretatur
1313 3865 1380 3917 λαὸν

339 3942 434 4000 monia
457 3962 556 4000 revera
577 3942 606 3999 in
635 3941 687 3999 hac
708 3941 838 4018 Epistola
879 3943 1058 4016 ἐξειλεγμένοι,
1083 3943 1156 3996 οὐδὲν
1177 3944 1268 4013 ἔχοντα
1295 3946 1380 3998 κοινὸν

339 4032 451 4082 exstare
484 4043 556 4100 quae
590 4031 696 4099 negant
722 4022 764 4079 illi
790 4021 838 4080 hic
878 4027 942 4095 πρὸς
962 4025 1021 4080 τοὺς
1040 4022 1151 4079 λοιπούς.
1182 4020 1378 4099 Theophylsc·

339 4124 510 4182 comparere,
534 4111 567 4163 ut
591 4104 667 4181 quod
695 4102 837 4180 Hierony·
878 4113 925 4163 tus
946 4124 1029 4161 vero:
1059 4103 1217 4176 Περιιύσιος·
1242 4108 1256 4158 ὀ
1278 4108 1377 4175 οἰκιῖος,

340 4206 404 4244 mus
425 4186 454 4243 ln
476 4186 586 4244 Comm.
609 4185 646 4243 ad
662 4184 765 4261 Ephes.
782 4185 838 4243 ‘de
878 4188 905 4241 ἐκ
924 4189 1071 4259 μεταφορᾶς
1090 4192 1140 4240 τῶν
1152 4188 1211 4258 περὶ
1228 4187 1273 4255 τὴν
1286 4188 1379 4242 οῦσίαν

341 4273 348 4299 ‘
362 4267 475 4325 mundis
495 4267 558 4324 aliis
573 4274 652 4325 trans
674 4266 838 4338 Oceanum‚'
878 4270 918 4322 καὶ
931 4270 975 4322 τὸν
984 4271 1096 4322 πλοῦτον
1103 4272 1149 4322 τοῦ
1159 4268 1286 4323 δεσπότου
1300 4291 1378 4342 στρε-

345 4346 397 4429 [vll
412 4363 467 4423 571
485 4348 509 4406 C
522 4349 565 4407 ed.
579 4344 715 4428 Vallum]
734 4356 764 4406 et
778 4348 836 4405 ‘ln—
878 4349 995 4420 φομὲνων
1008 4350 1115 4417 οἶκιτιῦν,
1125 4346 1186 4417 οἷον,
1196 4349 1377 4422 ε’ξιιλτγμίνον,

341 4429 513 4488 ‘enarrabili
546 4430 660 4487 vinculo
695 4429 838 4488 cantatis’
878 4431 1013 4503 ἐξαίρετον,
1028 4431 1100 4486 οὐδὲν
1113 4431 1204 4502 ἔχοντα
1219 4433 1378 4502 κοινὸνπρός

340 4509 412 4650 ξοό
425 4509 465 4592 Α]
479 4511 566 4583 cital3
581 4520 614 4570 ut
624 4519 744 4575 taceam,
755 4530 838 4587 saepe
877 4514 935 4569 τοὺς
948 4510 1059 4568 λοιπούς,

363 4601 438 4652 atros
465 4593 628 4652 testimonia
654 4613 690 4651 ex
723 4591 837 4669 scriptis
919 4607 944 4666 7.
961 4587 1154 4671 σοφροιύνην,]
1178 4589 1259 4649 (loni
1279 4590 1375 4669 Ignat

339 4675 402 4733 aliis
426 4675 589 4745 Clementis,
615 4674 674 4732 sive
697 4672 837 4751 genuinis,
878 4673 930 4750 Ep.
946 4673 982 4730 ad
998 4672 1099 4750 Ephos.
1117 4673 1131 4749 ᾗ
1150 4691 1194 4730 ιο.

339 4756 398 4815 sive
432 4757 524 4816 eidem
557 4755 657 4814 affictis
693 4755 816 4833 allegare
828 4775 836 4828 3
918 4757 944 4812 8.
965 4758 1006 4812 διὰ
1025 4760 1071 4811 τοῦ
1091 4755 1228 4829 ἀρχιερέως
1248 4756 1289 4809 ml
1311 4778 1376 4827 προ·

340 4838 415 4897 unde
434 4839 529 4896 sciunt
548 4838 604 4908 isti,
629 4857 701 4913 quae
722 4857 759 4894 ex
785 4836 838 4894 hao
879 4841 974 4892 στόνου
994 4832 1074 4915 ἡμῶν]
1098 4835 1163 4908 Hic,
1185 4835 1322 4912 suspioari
1343 4836 1378 4894 li-

341 4919 470 4996 Epistola
493 4919 625 4988 citantur,
650 4939 708 4976 non
732 4918 762 4975 in
783 4918 838 4976 hoo
877 4926 931 4989 cet,
945 4936 1019 4974 unus
1040 4927 1140 4975 estex
1161 4917 1196 4974 iis
1217 4916 1285 4975 locis
1304 4937 1378 4993 quae

340 5000 410 5071 loco,
435 5001 543 5078 inquo
563 5009 623 5059 tam
647 5020 767 5077 magnus
794 5007 838 5058 est
878 4999 981 5057 Photio
1003 4998 1216 5076 displicuerunt,
1239 4997 1376 5057 Biblioth.

341 5081 443 5148 hiatus,
465 5082 534 5140 olim
557 5081 723 5140 exstitisset
752 5081 839 5140 Certo
878 5081 971 5138 oxxt'i.
998 5079 1040 5138 At
1050 5080 1149 5139 eodem
1163 5079 1249 5138 modo
1263 5079 1292 5138 E
1305 5078 1379 5138 Pau-

341 5164 415 5236 ῥῆσις
428 5163 477 5221 illa
491 5163 588 5222 Basilii
604 5169 637 5234 Ζῇ
652 5167 741 5222 iestis
755 5168 836 5221 κ.τ.λ.
880 5163 982 5221 lumel
997 5162 1028 5219 B.
1046 5162 1194 5239 ignatium
1212 5161 1247 5220 de
1262 5160 1379 5221 Christo
