3250 6617
360 1064 402 1125 82

717 1060 861 1124 INDEX
886 1061 1141 1126 VERBORUM

364 1228 535 1299 Μαργαρίτης.
567 1229 625 1285 τοὺς
644 1230 823 1297 πνευματικοῦς
843 1251 907 1300 μαρ·

403 1309 515 1381 γαρίτας.
540 1307 602 1385 Igu.
619 1307 691 1385 Eph.
706 1327 751 1365 11.

366 1394 516 1462 Μαρτυρεῖν.
571 1389 636 1444 οὕτω
662 1390 825 1463 μαρτυρήσας
851 1392 909 1446 ε’ποε

405 1470 489 1543 μεῦθη.
513 1469 601 1528 Clem.
624 1471 638 1527 Ι
660 1486 685 1544 5.
747 1471 911 1543 μαρτυρήσας

406 1554 447 1608 ε’πί
460 1558 511 1607 τῶν
523 1553 672 1626 ἡγουμένων.
694 1551 730 1609 ib.
774 1556 838 1624 πρὸς
851 1553 909 1608 τοῦ·

406 1657 458 1691 τοις
476 1636 590 1691 καὶτοὺς
605 1635 846 1706 μεμαρτυρημένους.
864 1647 907 1707 17.

406 1715 578 1788 Ἐμαρτυρίηθη
597 1720 712 1789 μεγάλως
725 1717 848 1788 Ἀβραάμ.
872 1714 908 1771 ib.

406 1801 441 1896 τηρ
453 1798 662 1896 μεμαρτυρημίνορ
674 1800 764 1863 Δαβίδ.
784 1800 828 1854 18.
860 1820 911 1852 τοι·

406 1900 486 1932 οντων
507 1901 586 1935 ουτως
609 1880 840 1949 μεμαρτυρημένων.
867 1897 909 1953 19.

406 1962 421 2012 ά
441 1966 646 2031 ταπεινοφρονῶν
665 1962 698 2030 μη
718 1963 798 2035 εἀυτῲ
816 1983 910 2033 μαρτυ-

990 1231 1112 1301 μάρτυρα.
1136 1228 1161 1284 6.
1209 1231 1255 1282 τοῦ
1275 1230 1348 1300 όγίου
1368 1229 1496 1300 μάρτυροι·

989 1311 1118 1382 Ἰγνατίου.
1142 1309 1179 1366 ib.
1223 1311 1272 1364 ὑπὸ
1286 1311 1418 1384 τῆςίντῷ
1431 1314 1493 1380 μάρ-

990 1414 1046 1463 τυρι
1066 1395 1179 1464 χάριτος.
1202 1389 1238 1446 ΙΙ).
1285 1395 1321 1466 τῷ
1335 1436 1341 1447 .
1354 1437 1359 1446 .
1373 1393 1496 1463 ,γενναίῳ

990 1476 1097 1546 μάρτυρι
1117 1477 1239 1545 Χριστοῦ.
1264 1485 1288 1545 7.
1337 1475 1381 1540 τῆς
1401 1474 1497 1542 σαρκός

990 1555 1134 1624 ἀπεδήμουν
1143 1557 1167 1608 ol
1179 1557 1302 1626 μάρτυρες
1314 1558 1360 1608 τοῦ
1372 1557 1495 1625 Χριστοῦ.

991 1633 1077 1692 Mart.
1094 1634 1187 1710 Polyc.
1206 1653 1231 1691 2.
1284 1636 1311 1689 ε’ν
1329 1635 1427 1709 ἀριθμηῖ
1446 1640 1497 1688 τῶν

991 1718 1124 1790 μαρτύρων
1141 1740 1200 1772 σου.
1220 1734 1263 1787 14.
1305 1719 1335 1770 τό
1355 1722 1429 1786 σῶμα
1449 1719 1495 1769 τοῦ

991 1802 1126 1870 μάρτυρος.
1149 1812 1192 1869 15.
1248 1802 1263 1852 ά
1291 1799 1497 1866 θαυμασιώτατος

991 1883 1131 1952 μάρτυςΠ.
1151 1882 1194 1935 16.
1222 1881 1491 1949 τοὺςδίμάρτυρας...

992 1961 1136 2034 ἀγαπῶμεν.
1155 1975 1200 2033 17.
1227 1963 1322 2033 μάρτυς
1335 1961 1434 2030 ἔξοχος.
1451 1977 1494 2032 19.

406 2041 488 2110 ρείτω.
510 2042 557 2113 38.
587 2043 651 2096 ε’ἀτω
666 2041 710 2113 ὑφ’
723 2042 809 2112 ε’τίρου
823 2044 913 2097 ἑαυτὸν
953 2047 1110 2115 Μαατιγοῦν.
1180 2043 1349 2115 μαστιγωθεὶς
1390 2039 1494 2112 α’ίρεται.

405 2123 594 2194 μαρτυρεῖσθαι.
612 2121 652 2179 ib.
680 2123 912 2195 μεμαρτυρημένων

406 2226 434 2257 τε
443 2206 550 2260 πολλοῖς
562 2207 664 2275 χρόνοις
678 2206 726 2259 ὑπὸ
738 2206 846 2259 πάντων.
863 2224 908 2274 44.

406 2286 590 2356 προσεκλίθητε
612 2288 662 2359 γάρ
677 2286 847 2342 Ἀποστόλοις
865 2308 909 2356 με·

406 2367 609 2438 μαρτυρημίνοις.
631 2380 676 2438 47.
720 2367 911 2422 Παύλου.,.τοῦ

405 2449 633 2519 μεμαρτυρημένον.
670 2447 733 2523 Igu.
764 2446 837 2522 Eph.
865 2466 908 2504 12.

406 2531 455 2584 ὑπὸ
476 2529 562 2598 Ἰησοῦ
586 2534 699 2601 Χριστοῦ
721 2530 909 2600 μεμαρτυρημέ-

406 2633 451 2663 νοι.
474 2608 581 2666 Ρ11111111.
599 2625 625 2681 5.
655 2613 766 2667 Φίλωνος
823 2611 911 2682 ἀνδρός

405 2696 635 2763 μεμαρτυρημένον.
660 2709 706 2748 11.
749 2691 772 2745 οί
788 2694 829 2746 καὶ
846 2715 908 2763 μαρ-

405 2777 525 2842 τυροῦσιν
546 2774 611 2842 ὑμῖν.
635 2771 671 2828 ib.
717 2774 749 2827 τδ
770 2774 832 2827 κατὰ
853 2773 912 2829 τοῦς

405 2853 622 2924 μαρτυρήσαντας.
653 2852 739 2910 Mart.
765 2852 859 2928 Polyc.
886 2870 909 2909 1.

406 2935 544 2991 δωδέκατος
567 2936 594 2989 ε’ν
617 2935 715 3006 Σμύρνη
738 2934 910 3006 μαρτυρὴσας,

410 3032 452 3086 19.
483 3019 611 3087 Μαρτυρεῖ
621 3018 648 3070 δι’
659 3019 673 3070 ό
683 3019 802 3088 μακάριος
811 3025 847 3070 Π.
864 3033 908 3072 21.

405 3097 486 3153 καθὼς
499 3097 735 3169 ε’μορτόρησενόμ.
750 3106 784 3152 Π.
810 3115 854 3154 22.

365 3178 505 3248 Μαρτυρία·
548 3178 582 3232 'H
606 3181 729 3251 μαρτυρία
750 3183 793 3249 τῆς
817 3179 911 3252 ἇννθῐα

404 3260 526 3330 πράξεως.
549 3258 725 3333 016111130.
756 3262 910 3333 ἐπισφραγί-

406 3363 454 3397 σας
470 3344 500 3409 τῇ
519 3346 650 3414 μαρτυρίᾳ.
674 3341 758 3398 Mart.
776 3341 870 3416 Polyc.
885 3359 909 3398 1.

405 3426 455 3492 πρὸ
468 3426 512 3490 τῆς
531 3427 667 3494 μαρτυρίας
685 3426 846 3492 ἐκεκόσμητο.
866 3441 908 3494 13.

405 3507 434 3556 τό
460 3526 487 3556 τε
515 3506 619 3576 μέγεθος
646 3508 721 3559 αὐτοῦ
748 3509 790 3572 τῆς
817 3528 910 3576 μαρτυ-

405 3585 468 3656 ρίας.
496 3599 537 3655 17.

367 3666 518 3737 Μαρτόριον.
546 3668 591 3735 τὴν
602 3669 694 3734 σκηνὴν
706 3672 750 3720 τοῦ
764 3669 909 3737 μαρτυρίου.

407 3746 494 3803 Clem.
514 3746 652 3820 143‚bi8.
697 3749 736 3802 διὰ
756 3753 800 3802 τοῦ
818 3771 910 3818 μαρτυ-

405 3827 461 3900 ρίου
475 3831 602 3900 ίπιτυχεῖν
611 3830 708 3896 δυνηθῶ
722 3831 831 3898 μαθητὴς
842 3827 910 3884 εἶναι.

407 3909 467 3983 Igu.
482 3908 553 3984 Eph.
575 3929 596 3965 1.
629 3909 668 3965 ίνα
682 3912 715 3979 μὴ
730 3913 763 3966 είς
776 3910 912 3982 μαρτύριον

407 3991 436 4045 ὦ.
452 3989 537 4047 ΤΓαΙΙ.
553 4010 594 4047 12.
629 3991 668 4046 ἵνα
682 3993 715 4059 μὴ
729 3994 764 4048 είς
776 3992 913 4064 μαρτύριον

406 4074 466 4126 αὐτὸ
480 4073 628 4140 κτήσωνται,
652 4071 761 4128 Philad.
778 4074 803 4128 6.
847 4095 909 4143 μαρ-

406 4156 492 4225 τυρίου
512 4153 620 4222 ἠξίωτος
643 4152 754 4229 Fraom.
771 4153 788 4208 1.
846 4157 911 4209 ob&

406 4238 543 4308 μαρτυρίου
561 4232 629 4305 αἷμα.
653 4234 680 4290 ii.
732 4238 761 4289 τό
777 4236 912 4306 μαρτάριον

407 4322 452 4370 τοῦ
467 4321 587 4387 σταυροῦ.
611 4315 704 4390 Polyc.
722 4315 792 4372 Phil.
811 4331 835 4387 7.
868 4320 912 4385 τὴν

407 4399 448 4452 διὰ
466 4401 604 4469 μαρτυρίου
623 4399 752 4470 γινομένην
765 4401 910 4470 ὁμολογίαν.

409 4478 492 4535 Mart.
511 4478 573 4553 Ign.
592 4498 613 4533 1.
657 4479 733 4550 θύρας
753 4484 798 4532 τοῦ
818 4504 911 4550 μαρτυ-

406 4561 469 4631 ρίου.
490 4581 515 4630 4.
560 4563 619 4613 κατὰ
634 4565 677 4614 τὸν
691 4563 775 4632 καιρὸν
788 4566 833 4614 τοῦ
847 4585 910 4632 μορ·

407 4645 502 4713 τυρίου.
526 4655 550 4713 7.
594 4645 623 4695 τὸ
642 4644 747 4696 κατὰτὸ
766 4642 913 4714 εῦαγγίλιον

406 4723 550 4794 μαρτύριον.
575 4722 771 4797 1111111.Ρο170.
789 4742 811 4778 1.
854 4747 909 4795 γεν-

408 4810 462 4858 ναῖα
482 4808 513 4858 τά
535 4806 657 4876 μαρτύρια
681 4810 771 4860 πάντα.
797 4823 821 4860 2.
868 4808 913 4869 τὴν

407 4891 451 4939 τοῦ
473 4892 610 4958 μαρτυρίου
631 4888 708 4940 αι’-τοῦ
731 4887 823 4957 ἡμέραν
841 4888 907 4958 γεμί·

407 4969 486 5021 θλιον.
507 4970 549 5023 18.
588 4968 617 5021 οὗ
631 4973 660 5022 τό
674 4969 809 5039 μαρτύριον
822 4971 912 5024 πάντες

407 5049 571 5116 ἐπιθυμοῦσιν
584 5050 723 5118 μιμεῖσθαι.
746 5068 787 5122 19.

993 2121 1083 2180 Clem.
1100 2123 1133 2179 ῙῙ
1149 2138 1174 2196 7.
1218 2127 1242 2179 οί
1257 2126 1308 2195 γάρ
1320 2123 1437 2195 λε’γοντίς
1453 2144 1496 2190 μοι

991 2207 1160 2278 μαυτιγοῦσίν
1172 2229 1213 2275 με.
1238 2204 1299 2280 lgn.
1315 2201 1399 2259 Trall.
1417 2224 1443 2273 4.

953 2287 1064 2355 Μάστιξ.
1099 2289 1193 2359 ἔκρινεν
1210 2292 1224 2342 ὁ
1245 2290 1309 2342 θεὸς
1323 2326 1329 2338 .
1344 2327 1349 2340 .
1363 2329 1369 2340 .
1385 2286 1426 2338 διά
1447 2291 1497 2337 τῶν

990 2369 1123 2441 μαστίγων
1163 2371 1202 2422 καί
1242 2373 1292 2421 τῶν
1331 2368 1494 2434 αίκισμάτων.

993 2447 1176 2521 Clem.117.
1219 2447 1243 2502 οί
1263 2449 1368 2518 μάστιξι
1386 2450 1433 2518 μίν
1452 2470 1495 2500 κα-

991 2532 1158 2599 ταξανθέντει.
1181 2529 1266 2586 Mart.
1283 2527 1377 2603 Polyc.
1396 2547 1420 2584 2.

952 2614 1135 2685 Ματαιολογία.
1176 2613 1342 2668 ἀπολιπόντες
1362 2612 1407 2677 τὴν
1425 2612 1498 2677 κενὴν

991 2695 1178 2766 ματαιολογίαν.
1202 2691 1294 2766 Polyc.
1311 2690 1381 2747 Phil.
1401 2709 1424 2746 2.

952 2777 1132 2830 Ματαιοπονία.
1163 2775 1329 2831 ἀπολιπόντες
1346 2774 1391 2842 τὴν
1407 2795 1493 2842 μαται-

991 2858 1101 2912 οπονίαν.
1122 2854 1210 2912 Clem.
1227 2853 1243 2910 Ῑ
1260 2874 1284 2928 9.

953 2940 1072 2994 Μάταιος.
1102 2940 1146 2995 τὰς
1160 2939 1231 2994 κενάς
1244 2939 1284 2991 καὶ
1297 2936 1401 3004 ματαίας
1414 2937 1495 3005 φρον-

991 3020 1069 3075 τίδας.
1093 3017 1181 3075 Clem.
1204 3017 1219 3073 Ι
1241 3031 1266 3091 7.
1312 3017 1389 3086 μηδίν
1409 3016 1496 3070 ε’πιθυ-

991 3105 1047 3168 μεῖν
1079 3102 1199 3170 κοσμικόν
1233 3100 1248 3170 ἣ
1285 3102 1397 3169 μάταιον.
1429 3095 1495 3173 Igu.

993 3181 1074 3238 Rom.
1092 3203 1117 3252 4.
1183 3180 1286 3236 πλείονα
1320 3181 1421 3234 δύναται
1447 3185 1498 3234 τῶν

991 3267 1082 3332 μάταια
1101 3262 1254 3318 λαλούντων.
1277 3260 1384 3316 ΡΙ11111ά.
1404 3279 1427 3315 1.

952 3348 1101 3412 Ματαιότης.
1128 3343 1309 3399 ἀπολείποντες
1329 3345 1374 3410 τὴν
1394 3344 1497 3411 ματαίο-

992 3449 1052 3494 τητα
1066 3431 1116 3479 τῶν
1129 3429 1241 3481 πολλῶν.
1264 3423 1358 3498 Polyc.
1373 3422 1443 3479 Phil.
1459 3438 1484 3494 7.

953 3510 1079 3578 Μάχαιρα.
1111 3511 1175 3575 πρὸς
1195 3511 1253 3577 πῦρ,
1276 3510 1340 3576 πρὸς
1361 3508 1495 3575 μάχαιραν.

995 3588 1054 3663 lgm.
1063 3587 1174 3662 Smyrn.
1183 3609 1207 3657 4.
1231 3589 1307 3660 ε’γγῦς
1316 3590 1440 3657 μαχαίρας
1457 3585 1494 3641 ib.

952 3674 1099 3741 Μεγαλεῖος.
1133 3674 1162 3723 τὸ
1181 3673 1314 3740 μεγαλεῖον
1328 3672 1370 3735 τῆς
1390 3670 1496 3740 ε’παγγε-

992 3754 1049 3808 λίας
1069 3753 1153 3805 αὐτοῦ.
1175 3749 1295 3807 (3161111
1313 3752 1357 3804 26.
1400 3752 1431 3802 τὰ
1451 3771 1495 3818 με-

992 3836 1082 3903 γαλεῖα
1111 3839 1161 3886 τῶν
1188 3833 1229 3885 ὑπ’
1252 3834 1328 3885 αὐτοῦ
1360 3831 1499 3897 δεδομένων

993 3915 1099 3984 δωρεῶν.
1119 3932 1165 3986 32.
1196 3917 1225 3967 τὸ
1238 3916 1371 3985 μεγαλεῖον
1380 3915 1424 3979 της
1437 3914 1498 3965 καλ-

992 3998 1163 4062 λονῆςαύτοῦ.
1188 4013 1232 4066 49.

953 4080 1132 4148 Μεγαλειότης.
1161 4077 1175 4144 ἡ
1194 4079 1355 4148 μεγαλειότης
1372 4078 1415 4142 τῆς
1434 4097 1497 4144 προ-

992 4161 1059 4214 νοίας
1078 4162 1123 4211 τοῦ
1145 4163 1284 4212 Δεσπίτου.
1309 4155 1428 4212 (1191111
1450 4172 1495 4224 24.

992 4241 1019 4293 ἐν
1044 4243 1217 4309 μεγαλειότητι
1245 4246 1345 4310 Πατρός
1372 4239 1496 4308 ὑψίστου.

993 4319 1056 4395 Igu.
1074 4320 1154 4376 Rom.
1171 4319 1259 4375 Inscr.

954 4404 1163 4475 Μεγαλσπρεπίης.
1198 4406 1227 4455 τὸ
1246 4402 1436 4471 μεγαλοπρεπὲς
1454 4401 1498 4467 τῆς

993 4486 1140 4554 φιλοξενίας
1161 4485 1236 4549 ὑμῶν.
1261 4482 1349 4539 (19111.
1366 4481 1380 4535 l
1399 4499 1422 4536 1.
1467 4485 1498 4547 τῇ

992 4569 1179 4636 μεγαλοπρεπεῖ
1199 4567 1237 4618 καὶ
1260 4567 1352 4638 ἐνδόξῳ
1374 4562 1497 4630 βουλήσει

993 4649 1076 4699 αὐτοῦ.
1101 4666 1125 4717 9.
1176 4651 1207 4714 τῇ
1228 4648 1415 4718 μεγαλοπρεπεῖ
1436 4644 1497 4710 δόξῃ

993 4729 1077 4781 αὐτοῦ.
1102 4727 1137 4781 ib.
1181 4731 1234 4783 ταῖς
1252 4727 1493 4800 μεγαλοπρεπέσι...

994 4811 1096 4879 δωρεαῖς
1109 4812 1152 4876 τῆς
1166 4809 1268 4879 είρίμιης.
1288 4827 1330 4881 19.
1362 4810 1405 4876 τὴν
1419 4829 1495 4877 μεγα·

994 4894 1108 4960 λοπρεπη
1127 4892 1165 4943 καί
1184 4891 1286 4958 ἔνδοξον
1304 4891 1437 4959 θρησκείαν
1453 4892 1498 4940 τοῦ

992 4971 1129 5041 Ὑψίστου.
1154 4987 1199 5041 45.
1253 4974 1281 5025 τὸ
1308 4970 1497 5041 μεγαλοπρεπὲς

993 5055 1033 5105 καί
1046 5055 1118 5124 άγιον
1131 5053 1207 5121 ὄνομα
1221 5056 1307 5108 αἰτοῦ.
1329 5054 1374 5121 58.

367 5131 476 5198 Μάρτυς.
513 5134 606 5199 μάρτυς
625 5132 653 5184 δι’
670 5154 712 5198 μοι
726 5131 752 5184 ἓν
765 5127 786 5205 ᾦ
800 5133 908 5199 δέδεμαι.
952 5137 1196 5205 Μεγαλαρρημονεῖν.
1231 5133 1366 5201 δοξασθείς
1381 5135 1498 5203 μεγάλως

408 5209 467 5282 [gn.
484 5207 590 5266 Ρ1111111Ι.
609 5224 633 5282 7.
677 5216 691 5266 ὀ
713 5215 784 5283 άγιος
806 5216 909 5282 μάρτυς.

992 5217 1036 5268 οὐκ
1048 5217 1319 5286 ε’μεγαλορρημάιησεν.
1333 5212 1443 5269 (11111111
1471 5227 1496 5283 7.

405 5290 567 5366 1111111811.
586 5310 609 5347 2.
653 5295 684 5345 τὰ
703 5296 763 5346 κατὰ
780 5298 824 5347 τὸν
840 5297 911 5364 ἅγιον
952 5296 1209 5367 Μεγαλορρημοσῦνη.
1236 5299 1299 5367 πρὸς
1314 5299 1358 5351 τάς
1371 5298 1497 5367 μεγαλορ-
