3250 6617
325 1061 390 1124 220
600 1059 839 1126 COTELERII
861 1062 1088 1127 JUDICIUM

326 1222 479 1306 Episcopo
503 1221 667 1301 credimus,
692 1222 873 1287 dubitatum
895 1223 991 1288 fuisse
1014 1222 1052 1286 de
1075 1224 1212 1287 Auctore
1237 1228 1364 1288 nostrae

326 1332 485 1418 Epistolse
496 1359 506 1412 ,-
529 1334 790 1417 quemadmodum
804 1358 868 1399 non
881 1358 1044 1419 possumus
1059 1356 1154 1413 nunc,
1168 1340 1240 1418 post
1254 1334 1364 1418 deper-

326 1445 408 1509 ditos
426 1452 476 1510 tot
497 1446 668 1530 primorum
687 1447 817 1510 Patrum
840 1447 946 1525 libros,
964 1446 1145 1510 memoriam
1166 1445 1249 1509 illius
1271 1468 1364 1510 accu-

326 1579 402 1634 sare,
427 1579 505 1639 quae
530 1563 636 1620 tamen
659 1580 723 1621 non
747 1581 867 1643 semper
890 1558 953 1621 fids
975 1557 1116 1635 exstitit3
1140 1557 1185 1621 ita
1208 1579 1364 1642 negamus

325 1667 397 1732 inde
427 1669 582 1753 consequi,
608 1693 663 1753 pro
688 1669 959 1755 Pseudepigrapha
987 1669 1156 1732 necessario
1185 1668 1363 1732 habendam

325 1781 500 1864 Epistolam
509 1806 519 1859 3
542 1804 639 1865 quum
654 1782 720 1846 fieri
735 1782 882 1866 quiverit,
897 1788 935 1847 ut
949 1805 1027 1865 opus
1043 1781 1217 1866 genuinum
1234 1781 1269 1844 in
1287 1803 1362 1845 con-

325 1893 510 1958 troversiam
524 1894 656 1972 venerit,
674 1900 707 1958 et
728 1917 748 1957 a
768 1894 877 1978 primis
898 1891 1054 1957 Ecclesiae
1075 1892 1275 1977 scriptoribus
1298 1915 1364 1957 non

324 2002 420 2066 fuerit
449 2003 647 2067 celebratum.
692 2003 785 2068 Certe
811 2026 848 2068 ea
876 2002 1041 2080 dubitatio,
1071 2024 1108 2067 ea
1135 2002 1271 2082 omissio,
1298 2025 1363 2067 non

324 2112 540 2177 dotcrruerunt
554 2114 725 2178 Auctorem
741 2115 905 2178 Canonum
919 2113 1182 2198 Apostolicorum,
1198 2113 1276 2177 Can.
1289 2113 1362 2191 ult,

324 2223 546 2308 Epiphanium,
568 2225 663 2288 Haer.
679 2225 766 2288 xxvii
782 2226 813 2302 6,
835 2249 900 2288 xxx
918 2239 984 2308 15]Ι
1005 2231 1038 2288 et
1058 2247 1131 2289 eum
1151 2223 1206 2308 qui
1227 2223 1363 2288 Librum

324 2335 538 2400 Pontificalem
562 2338 747 2421 composuit,
774 2360 835 2421 quo
861 2336 966 2400 minus
990 2336 1028 2400 de
1052 2335 1258 2400 Clementinis
1282 2335 1362 2420 Epi-

323 2446 422 2524 stolis,
438 2447 564 2530 perinde
585 2471 620 2511 ao
640 2448 720 2510 nihil
742 2447 947 2511 intercederet
969 2447 1051 2509 intm
1076 2445 1145 2510 illas
1162 2445 1362 2525 discriminis,

321 2556 529 2641 loquerentur.
574 2558 673 2621 Mitto
696 2559 780 2622 enim
800 2558 965 2635 Niconem,
988 2557 1027 2621 de
1048 2580 1110 2640 quo
1133 2556 1174 2620 ad
1195 2556 1362 2641 superioris

322 2668 481 2753 Epistulae
503 2691 569 2753 cap.
585 2668 666 2731 xivl’
710 2667 813 2732 Immo
836 2667 919 2751 quod
940 2666 1110 2730 admodum
1127 2666 1249 2746 mirere,
1265 2666 1300 2732 id
1320 2667 1362 2732 ab

322 2779 397 2863 ipsis
415 2779 607 2864 Hieronymo
623 2803 658 2843 ao
673 2779 786 2843 Photio
808 2778 1020 2862 designatum,
1036 2777 1160 2861 quando
1181 2800 1281 2856 suam,
1296 2800 1362 2842 non

322 2889 459 2967 Eusebii,
474 2896 653 2973 proponunt
667 2889 864 2973 opinionem:
887 2887 940 2952 ille
954 2887 988 2950 in
1002 2887 1160 2951 volumine
1180 2887 1192 2950 i
1213 2887 1362 2953 adversus

322 2998 534 3078 Jovinianum,
557 3023 623 3083 cap.
642 3015 671 3081 7,
697 3000 777 3083 [cap.
798 3019 847 3079 14,
865 3004 942 3061 tom.
964 2998 988 3060 ii
1010 3021 1041 3081 p.
1059 2997 1119 3081 258
1142 2997 1190 3061 ed.
1206 2997 1358 3084 vallars]

321 3109 373 3172 hic
394 3110 428 3171 in
450 3108 635 3194 Myriobibli
656 3132 722 3194 cap.
739 3108 842 3173 cxxvi.
888 3107 1070 3172 Quinetiam
1091 3113 1256 3192 utramque
1277 3107 1364 3172 inter

324 3220 434 3284 Sacrae
450 3220 628 3304 Scripturas
648 3221 744 3284 libros
765 3220 928 3284 collocasse
943 3218 1089 3283 videntur
1103 3217 1257 3283 Ecclesiae
1278 3218 1363 3298 illac,

322 3355 400 3416 quae
415 3333 594 3396 Canonibus
609 3332 798 3418 Apostolicis
813 3331 1013 3416 regebantur,
1022 3331 1136 3416 quique
1151 3353 1202 3394 eos
1217 3330 1363 3395 Canones

321 3443 355 3507 in
370 3444 455 3508 Novi
470 3444 661 3508 Testamenti
676 3444 888 3509 voluminibus
910 3449 1048 3507 recenset
1063 3444 1084 3506 J
1085 3443 1224 3507 ohannes
1242 3441 1360 3507 Dama-

322 3579 441 3635 scenus‚
469 3557 668 3621 Orthodoxae
702 3557 788 3621 Eidei
817 3556 871 3621 lib.
902 3556 935 3618 iv
971 3579 1037 3639 cap.
1066 3555 1115 3632 18,
1144 3560 1177 3618 et
1206 3561 1363 3639 quotquot

322 3667 496 3731 Bibliorum
512 3667 679 3730 (lodicibus
693 3666 864 3730 utebantur
878 3665 1031 3729 similibus
1046 3664 1092 3727 illi
1110 3664 1251 3743 Theclae,
1266 3686 1284 3729 e
1299 3688 1362 3750 quo

321 3775 400 3839 duae
415 3777 494 3840 istac
509 3777 667 3860 Epistolae
682 3775 873 3860 prodierunt.
917 3774 1048 3839 Accedit
1062 3774 1123 3837 huc
1137 3774 1221 3858 quod
1235 3775 1363 3840 eaedem

321 3888 486 3971 utrobique
516 3894 667 3970 apparent
696 3887 894 3970 antiquitatis
926 3893 1028 3964 notae,
1058 3885 1166 3950 eadem
1200 3886 1363 3952 interdurn

321 3998 416 4061 verba
439 4004 646 4081 usurpantur;
673 4020 731 4061 nec
751 4003 874 4061 tantam
896 3997 1110 4061 diversitatem
1133 3996 1228 4061 habet
1246 3997 1362 4082 stylus,

321 4108 396 4191 quin
412 4110 450 4172 ab
469 4108 577 4172 eodem
595 4109 744 4193 scriptore
762 4109 857 4173 variis
879 4110 1071 4194 temporibus
1093 4108 1282 4193 diversisque
1303 4133 1361 4196 pru

321 4219 421 4285 causis
437 4219 509 4283 oriri
523 4219 671 4303 potuerit.
716 4220 887 4305 Dionysius
905 4227 1011 4284 autem
1026 4219 1208 4284 Corinthius
1222 4220 1362 4286 scribens

320 4330 360 4392 ad
384 4328 540 4394 Romanos
567 4328 649 4412 apud
674 4329 856 4408 Eusebium,
883 4330 914 4394 iv
940 4351 991 4416 23,
1018 4330 1086 4394 ideo
1115 4330 1209 4394 unius
1231 4337 1361 4396 tantum

320 4441 480 4525 Epistolae
510 4439 680 4503 Clementis
709 4441 901 4504 mentionem
929 4441 1015 4518 facit,
1045 4440 1118 4524 quia
1148 4440 1287 4525 loquitur
1320 4442 1361 4507 de

322 4553 436 4617 Literis
470 4553 682 4616 Romanorum
718 4553 843 4616 nomine
876 4553 957 4616 datis
991 4553 1032 4615 ad
1066 4552 1286 4631 Corinthios⁶;
1324 4560 1361 4619 at

355 4825 369 4854 ⁸
380 4818 478 4871 Tomi
498 4837 523 4888 p.
540 4833 586 4888 107
603 4818 644 4871 ed.
659 4818 747 4872 PetaV.
766 4817 836 4889 λέγει
854 4819 905 4888 γὰρ
920 4818 947 4871 ἒν
964 4821 1008 4886 μιᾷ
1026 4823 1077 4871 τῶν
1092 4817 1254 4873 Ἐπιστολῶν
1271 4817 1360 4873 ahot.

320 4905 382 4959 ibid.
396 4922 491 4975 p.139,
504 4907 537 4961 ὡς
550 4907 623 4961 αὐτὸς
636 4906 740 4975 Κλήμης
752 4907 843 4961 αὐτοὺς
855 4907 916 4959 κατὰ
929 4908 1010 4959 πάντα
1023 4905 1136 4977 ἐλέγχει,
1145 4905 1192 4977 ἀφ’
1200 4907 1235 4960 bv
1243 4908 1361 4978 ἔγραψεν

320 4991 481 5046 Ἐπιστολῶν
492 4992 631 5062 ἐγκυκλίων
642 4998 691 5044 τῶν
704 4993 731 5046 ἐν
742 4996 796 5048 ταῖς
808 4992 891 5063 ἁγίαις
904 4993 1050 5060 ἐκκλησίαις
1060 4993 1309 5064 ἀναγινωσκομίνινν.
1358 4996 1362 5003 ’

355 5078 369 5115 b
389 5079 449 5132 Vid.
464 5097 543 5148 supra
555 5099 581 5148 p.
595 5078 630 5148 56
645 5080 662 5132 l.
677 5081 702 5133 8.

355 5164 423 5218 001.
436 5166 544 5219 omniuo
558 5165 666 5219 Routhii
678 5167 777 5219 Annct.
792 5167 819 5221 in
834 5165 865 5220 B.
880 5167 1049 5237 Dionysium,
1063 5167 1119 5222 Rel.
1134 5169 1206 5223 Sacr.
1218 5169 1228 5222 i
1244 5187 1272 5239 p.
1288 5169 1347 5224 188.
