3250 6617
546 1091 610 1155 Ao
631 1091 923 1172 CORINTHIOS,
939 1093 982 1156 xi.
1247 1098 1290 1164 47

246 1262 495 1339 benedicentes
519 1278 562 1352 te,
587 1279 620 1340 et
644 1265 870 1341 maledicam
894 1266 1153 1343 maledicentes
1175 1281 1231 1354 tc,·
1257 1282 1289 1345 et

247 1380 506 1457 benedicentur
522 1381 564 1457 in
581 1396 615 1457 te
633 1410 754 1457 munes
774 1384 893 1458 trihus
913 1398 1043 1459 ternae.
1095 1385 1148 1459 Et
1164 1413 1290 1461 rumus

246 1524 359 1597 quum
392 1525 416 1572 a
445 1498 518 1573 Lot
547 1498 741 1587 secederet,
772 1499 871 1574 dixit
901 1501 935 1575 ei
961 1502 1088 1591 Deus;
1132 1504 1290 1603 Respice
1302 1518 1366 1568 Gen·
1379 1520 1424 1569 xiii

248 1613 361 1689 omlis
384 1614 469 1701 tais,
496 1629 528 1690 et
553 1614 640 1688 vide
669 1642 695 1689 a
720 1616 797 1689 loco
825 1616 865 1690 iu
891 1643 961 1715 qno
982 1644 1081 1692 necne
1104 1633 1144 1693 ta
1165 1646 1210 1707 es,
1237 1620 1291 1695 ad

246 1731 464 1830 aquilonem,
481 1745 514 1805 et
530 1731 708 1831 osticam,
726 1747 758 1807 et
776 1732 963 1822 ocientem,
982 1748 1014 1809 et
1042 1762 1169 1813 mare:
1198 1738 1290 1836 qaia

1306 1584 1407 1647 14-16.

248 1875 389 1923 omnem
417 1862 561 1923 tenram
590 1875 703 1947 qnam
732 1864 772 1924 ta
801 1850 997 1926 cidestili
1021 1851 1232 1944 dalocum,
1257 1870 1290 1931 et

248 1964 458 2041 seminium
479 1992 592 2064 usqne
614 1965 657 2040 in
678 1967 873 2042 succidam.
925 1969 975 2042 Et
991 1969 1145 2067 faciam
1169 1998 1290 2047 semen

247 2097 349 2159 tna-m
364 2082 459 2158 sicut
476 2110 633 2157 aretiam
650 2097 795 2159 terrae:
817 2084 852 2157 si
862 2085 1002 2183 poterit
1021 2086 1161 2184 aliquis
1177 2087 1289 2163 dieta-

246 2226 392 2275 merane
409 2226 567 2275 arenam
589 2213 722 2288 terrae,
740 2214 771 2275 et
797 2227 918 2275 semen
944 2215 1047 2276 ticam
1072 2202 1289 2279 dinumera·

247 2318 353 2393 titan.
404 2318 458 2393 Et
483 2344 609 2391 rursus
635 2318 748 2394 dicit:
784 2317 930 2392 Eduxit
960 2320 1064 2394 Deus
1092 2321 1287 2396 Abraham
1300 2337 1409 2386 omn

240 2436 361 2534 sonas,
381 2448 414 2509 ct
442 2433 541 2509 dimit
571 2434 617 2522 ei,
639 2435 797 2534 Remice
827 2434 1100 2524 innodasset
1130 2465 1287 2513 namara
1300 2415 1323 2465 ⁵,
1336 2402 1359 2451 6-

246 2552 376 2639 stellas,
406 2551 442 2626 si
467 2565 572 2651 potes
599 2550 844 2626 dinumerare
873 2579 944 2641 cas,
974 2553 1029 2628 sic
1062 2554 1132 2629 ecit
1166 2582 1287 2631 semen

246 2680 356 2743 taam
406 2669 456 2743 Et
485 2667 648 2743 credidit
672 2668 870 2744 Abraham
889 2671 981 2758 Deo,
1009 2685 1041 2746 et
1068 2671 1372 2771 deputatamnons
1388 2695 1414 2743 iv
1427 2709 1449 2758 3.

246 2798 294 2859 est
323 2785 360 2859 ei
383 2785 437 2860 ad
457 2786 655 2886 justitiam.
707 2788 864 2888 Propter
889 2789 1000 2864 fidem
1030 2800 1069 2864 et
1097 2790 1286 2891 hospitali·

245 2910 361 2977 tatem
377 2902 487 2977 datus
510 2914 568 2977 est
583 2904 618 2977 ei
633 2903 733 2978 filius
753 2905 792 2977 in
809 2915 1009 2993 senectute,
1028 2916 1067 2980 et
1083 2934 1148 3006 per
1165 2908 1286 2983 ohedi-
1298 2922 1362 3037 &a
1375 2923 1426 3003 ¹¹5:

245 3020 380 3093 entiam
413 3019 551 3094 obtulit
582 3046 667 3094 eum
701 3021 741 3094 in
775 3021 990 3096 sacrificium
1020 3023 1109 3111 Deo,
1139 3024 1178 3097 in
1212 3005 1448 3118 unoneiIiiii.

244 3137 424 3211 montium
440 3164 550 3236 quem
567 3137 601 3210 ei
618 3138 840 3213 ostenderet.

292 3254 360 3329 ΧΙ.
387 3254 544 3353 Propter
569 3254 860 3355 hospitalitatem
890 3268 930 3331 et
956 3258 1131 3357 pietatem
1163 3260 1235 3333 Lot
1264 3278 1447 3333 estsexe.

242 3537 321 3616 rique
332 3538 417 3599 MSS.
428 3540 554 3618 optimae
567 3540 643 3613 fidei,
653 3540 738 3599 Alex.
781 3539 915 3599 Clemens
928 3540 1010 3599 Alen
1026 3546 1070 3618 τῷ,
1086 3543 1174 3615 Πατὴρ
1193 3544 1221 3597 a
1239 3547 1285 3597 τοῦ

243 3618 306 3679 vet
323 3622 373 3680 iilo.
393 3620 501 3681 habent
521 3628 571 3680 Kal
590 3626 742 3680 ἐπίστευσεν
779 3623 868 3679 Ἰσαὰκ
899 3623 1103 3697 προσηγορεύθη,
1131 3623 1283 3694 subnectit,

241 3702 363 3777 Ἀβραάμ.
419 3702 476 3763 Sed
503 3703 557 3763 Ed.
594 3703 738 3782 complut.
781 3707 830 3759 Διὰ
842 3707 1045 3777 φιλοξενὶον-
1058 3737 1096 3748 -
1112 3707 1139 3760 ἐκ
1158 3708 1282 3775 Σοδόμων,

242 3784 379 3841 ἐπίστευον
398 3787 435 3851 δέ,
456 3804 544 3863 quem
561 3804 622 3844 esse
641 3784 741 3863 genui-
781 3785 1065 3861 praetermittitvero
1079 3790 1282 3857 τῆς--κρι-

242 3884 306 3923 mm
328 3866 481 3927 lectionem
501 3867 621 3926 ulterius
639 3866 741 3926 confir·
782 3869 877 3937 θεῖσηο,
892 3886 981 3944 usque
1002 3868 1039 3924 ud
1059 3873 1113 3924 τοῖς
1129 3872 1226 3942 γενεαῖς
1243 3871 1282 3940 γί-

241 3954 320 4006 munt
329 3956 394 4007 tum
408 3948 437 4007 S.
450 3948 563 4021 Paulus,
574 3948 656 4008 Rom.
670 3949 699 4006 iv
711 3968 740 4024 3,
781 3952 871 4005 νόνναι
916 3949 960 4007 De
979 3948 1054 4007 Loto
1072 3948 1142 4006 nihil
1161 3948 1283 4006 habetur

241 4034 303 4087 tum
317 4028 346 4088 S
361 4030 497 4102 lacobus,
511 4030 531 4088 ii
548 4049 593 4105 23.
609 4029 731 4089 WO'l'l'.
782 4028 856 4087 Heb.
873 4029 910 4088 xi.
948 4031 1028 4088 Haec
1041 4030 1131 4107 igitur
1144 4037 1283 4107 petuntur

282 4112 327 4169 16.
342 4115 391 4168 Aut
408 4114 498 4169 πίστιν
516 4116 557 4169 καὶ
574 4114 737 4186 φιλοξενίαν]
780 4130 817 4168 ex
839 4111 909 4170 Gen.
926 4113 976 4169 xix
998 4119 1027 4170 et
1046 4112 1080 4169 Il
1100 4111 1160 4171 Pet.
1176 4111 1195 4168 ii
1213 4124 1238 4185 7,
1254 4113 1281 4169 8.

244 4190 374 4251 Clemens
390 4192 473 4252 Alex„
490 4197 536 4271 τᾷ,
554 4197 603 4250 Καὶ
621 4195 741 4267 Ἀβραὰμ
780 4190 903 4251 WOTI'.
945 4193 1048 4270 Capite
1071 4193 1101 4251 xi
1126 4200 1156 4252 et
1178 4192 1219 4249 xii
1246 4193 1283 4250 eh

243 4273 323 4333 tte
339 4274 429 4332 πίστιν
441 4278 482 4331 καὶ
501 4278 650 4347 φιλοξενίαν
661 4278 741 4348 φίλον
781 4273 1001 4351 lnterpolstoris
1013 4296 1099 4333 mauu
1118 4275 1229 4333 intrusa
1239 4274 1283 4331 fu·

242 4360 314 4424 Θεοῦ,
342 4355 485 4415 subnectit
517 4359 607 4429 Πατὴρ
640 4359 668 4412 a
694 4362 741 4413 τοῦ
780 4355 835 4414 isse
852 4357 1014 4434 suspicemur
1030 4356 1214 4427 Moshemius,
1232 4355 1281 4412 In-

241 4434 326 4493 'loala
348 4437 549 4513 προσηγορεύθη.
591 4436 670 4513 Quee
696 4457 739 4497 se-
780 4438 873 4496 stitut.
916 4437 1063 4497 Historiae
1103 4436 1282 4496 Christianae

241 4526 375 4595 (luuntur,
395 4522 436 4576 κοὶ
456 4520 488 4576 ls’
506 4521 617 4590 ὑπακοῆς
631 4544 656 4578 κ.
670 4544 694 4577 τ.
709 4524 738 4578 λ.
781 4518 881 4597 Major.
892 4541 918 4596 p.
929 4520 1282 4596 214—21650uiresp0n-

241 4600 353 4677 penitus
365 4600 470 4660 omisit.
486 4598 610 4659 WOTT.
781 4600 830 4659 det
851 4600 988 4672 Hefelius,
1009 4600 1077 4659 hoec
1098 4602 1193 4679 eapite
1216 4620 1282 4658 eum

281 4684 325 4741 18.
340 4686 405 4756 πρὸς
417 4682 456 4755 ἓν]
472 4680 562 4741 Forte
574 4686 741 4756 πορευόμενος
780 4682 1013 4741 mteoedentibus
1030 4683 1103 4741 bene
1123 4683 1281 4753 cohaerere,

240 4764 274 4823 de
292 4764 437 4822 1νκ,τ.λ.
480 4762 556 4821 Vide
579 4762 651 4822 Gen
668 4763 736 4821 xxii
779 4764 886 4841 quippe
925 4784 997 4840 quae
1038 4764 1157 4823 eandem
1191 4770 1281 4821 mete·

242 4842 338 4905 BOIS.
381 4844 465 4903 Nihil
491 4844 662 4905 mutandum
686 4852 738 4917 est,
778 4845 851 4902 rium
878 4853 1011 4917 tractent,
1032 4845 1156 4904 invidiae
1179 4844 1281 4904 Corin-

241 4944 328 5003 quum
339 4928 617 5003 προσήνεγκεν-πρὸς
633 4929 660 4984 ἓν
672 4947 739 4986 con·
778 4927 905 4985 thiorum
924 4927 1055 5005 exempla
1067 4926 1280 5004 hospitalitatis,

240 5007 334 5067 veniet
345 5016 412 5087 epte
424 5029 491 5069 cum
503 5006 640 5068 idiomate
651 5007 739 5068 Gree—
779 5008 903 5085 pietatis,
923 5018 953 5068 et
973 5008 1040 5068 fidei
1064 5015 1217 5086 opponent,
1242 5009 1278 5067 si·

240 5108 287 5149 ese
299 5090 420 5169 linguae.
442 5088 566 5151 wot'l'.
779 5092 896 5168 mulque
916 5111 1021 5169 poenes
1037 5090 1219 5151 dissensionis
1236 5111 1279 5149 os-

239 5217 242 5221 .
275 5173 580 5247 10.Δὰφιλοξεν1ονκοὶ
589 5167 734 5252 εὐσέβειαν]
779 5172 906 5232 tendunt.
