3250 6617
519 1072 579 1137 DE
601 1072 817 1136 EPIS'POLA
840 1070 887 1134 ΙΙ.
1168 1073 1233 1139 227

189 1232 278 1298 cifica
298 1239 458 1317 tempora3
481 1237 514 1297 et
535 1255 574 1297 ex
591 1233 696 1296 Photii
720 1231 835 1296 Codice
858 1230 950 1295 cxxvi
970 1229 1148 1313 colligimus
1170 1229 1232 1293 dis-

188 1342 261 1408 sidii
275 1341 468 1407 Corinthiaci
482 1343 516 1406 in
534 1366 571 1407 ea
591 1342 706 1406 factam
725 1364 788 1405 non
806 1341 902 1405 fuisse
919 1340 1131 1417 mentionen13
1155 1347 1188 1403 at
1206 1341 1232 1404 si

188 1455 264 1521 data
283 1462 366 1520 esset
382 1460 455 1540 post
475 1455 619 1539 priorem,
642 1456 700 1519 hoc
722 1460 781 1532 est,
797 1460 870 1538 post
892 1454 986 1517 finem
1009 1452 1233 1537 persecutionis

190 1566 375 1646 Domitiani,
398 1572 538 1651 tempore
559 1568 653 1652 pacis,
680 1574 774 1651 atque
800 1574 875 1630 ante
898 1565 1144 1651 persecutionem
1174 1567 1232 1630 sub

188 1680 319 1765 'l'rajano
336 1678 594 1764 redintegratam,
609 1702 671 1743 non
690 1679 949 1763 praetermisisset
969 1677 1154 1742 disconlmm
1177 1684 1232 1740 ant

187 1790 470 1855 reconciliationem
486 1790 733 1869 Corinthiorum,
745 1813 843 1875 quum
858 1799 1026 1876 utnrmque
1041 1800 1166 1877 tempus
1181 1818 1230 1857 so·

188 1901 348 1966 lnmmodo
371 1924 472 1965 annus
500 1903 657 1986 sejungat,
711 1901 816 1966 Quare
840 1903 967 1966 missam
994 1902 1128 1967 arbitror
1149 1904 1232 1970 inter

187 2011 265 2077 duas
286 2012 403 2096 primas
423 2012 662 2097 persecutiones,
681 2013 817 2077 Neronis
839 2036 875 2077 ae
898 2013 1084 2092 Domitiani,
1105 2023 1138 2080 et
1157 2024 1230 2081 ante

186 2122 371 2187 seditionem
389 2121 534 2185 Corinthi
555 2121 735 2186 excitatam.

230 2233 426 2297 Omitteham
455 2231 517 2310 hic,
543 2239 580 2295 ut
603 2231 637 2295 iu
657 2232 810 2296 Veterum
836 2233 1046 2312 Testimoniis‚
1065 2234 1127 2297 duo
1151 2258 1229 2318 quae

186 2352 294 2431 postea
329 2352 528 2409 occurrerunt
556 2342 632 2406 loca.
679 2342 802 2406 Primus
833 2343 917 2406 locus
946 2351 995 2408 est
1025 2344 1230 2408 Praefationis

184 2456 317 2521 Concilii
347 2454 491 2531 Nicaeni,
521 2454 653 2518 Lat-inae
686 2476 724 2516 cx
754 2455 889 2518 Arabico
926 2478 979 2537 per
1010 2454 1227 2518 Abrahamunr

184 2568 417 2633 Ecohellensem
438 2568 548 2644 factae,
569 2567 681 2650 inquo
700 2565 815 2629 dicitnr
833 2565 1026 2630 Clementem
1046 2566 1188 2649 Epistola
1207 2567 1227 2631 ii

185 2678 377 2743 mentionem
402 2677 510 2741 fecisse
534 2678 697 2741 Scotorum
720 2692 771 2758 70.
817 2676 936 2740 Verum
958 2676 1012 2741 illa
1033 2676 1228 2761 Epistulam

184 2788 292 2855 eadem
312 2795 360 2851 est
377 2810 413 2851 ac
435 2792 552 2863 nostra,
568 2809 624 2849 nec
645 2794 694 2850 est
708 2787 800 2870 plane
815 2787 1015 2871 Apocrypha‚
1031 2810 1226 2871 nequaquam

184 2900 294 2965 retulit
317 2915 358 2981 70
377 2897 540 2974 Haereses,
555 2897 663 2961 retulit
683 2898 787 2961 forsan
807 2914 837 2980 7.
881 2897 1026 2961 Alterum
1049 2898 1152 2961 locum
1173 2899 1226 2964 dc·

184 3010 323 3096 prompsi
344 3031 383 3073 ex
404 3007 534 3092 optimis
556 3007 745 3071 membranis
766 3008 891 3072 Codicis
912 3009 1081 3072 admodum
1104 3009 1227 3093 antiqui

183 3123 219 3187 in
247 3120 443 3185 Bibliotheca
466 3118 529 3181 ΡΡ.
555 3117 624 3182 Soc.
651 3117 738 3196 Jesu,
769 3119 890 3203 copiam
920 3119 1052 3184 t'acieute
1082 3119 1228 3185 Gabriele

183 3231 352 3309 Comartio,
366 3230 434 3293 viro
448 3251 520 3293 curn
534 3228 669 3313 insignis
684 3228 853 3308 doctrinae,
869 3238 939 3294 tum
960 3230 1096 3315 prolixae
1115 3231 1225 3296 huma·

182 3341 303 3409 nitatis.
350 3341 410 3404 Est
433 3346 539 3405 autem
564 3340 596 3403 S.
622 3339 809 3405 Damasceui
831 3342 1021 3425 Eelogarum
1049 3342 1225 3419 Sacrorum,

183 3478 252 3539 cap.
268 3453 343 3534 Περὶ
356 3458 416 3517 τῶν
430 3453 615 3533 προσκαίρων
630 3454 679 3515 καὶ
693 3458 750 3515 τῶν
765 3455 891 3516 αἰωνίων
905 3454 1034 3533 ἀγαθῶν,
1047 3456 1093 3518 καὶ
1108 3456 1153 3518 ὅτι
1167 3457 1224 3537 χρὴ

181 3574 240 3632 τῶν
248 3567 402 3646 παρόντων
413 3566 449 3626 rh
462 3562 613 3643 μέλλοντα
623 3562 776 3645 προτιμᾷν·
792 3561 875 3645 quod
890 3562 1056 3644 respondet
1070 3564 1165 3647 capiti
1183 3584 1223 3630 20

180 3676 253 3742 libri
270 3675 294 3739 ii
315 3673 536 3738 Parallelorum
554 3672 736 3736 editorum.i

461 3922 468 3961 ¹
487 3922 554 3978 Vide
568 3922 672 3995 Fragm.
688 3922 725 3976 1v
738 3923 815 3988 inira,
833 3942 859 3995 p.
873 3924 932 3978 261.
