3250 6617
650 1092 795 1156 INDEX
817 1091 1083 1156 VERBORUM.

338 1255 398 1323 πᾶν,
412 1252 452 1309 ίνα
465 1252 669 1325 καὶάναστῶσιν.
690 1266 715 1326 7.
751 1256 846 1310 ἀπόντα

339 1357 371 1404 με
385 1337 425 1389 καί
437 1336 550 1406 παρόντα
564 1333 718 1408 ἦγοπίγσατε.
744 1354 770 1410 9.
807 1339 847 1391 καὶ

339 1418 371 1470 τά
379 1416 461 1486 δεσμά
470 1437 520 1484 μου
530 1415 546 1468 ά
557 1415 698 1489 ἠγάπησας.
712 1415 805 1492 Polyc.
820 1436 844 1474 2.

340 1497 441 1569 ἀγαπᾶν
452 1498 498 1552 τὸν
511 1497 611 1570 Χάρων.
627 1511 654 1569 5.
690 1499 790 1572 ἀγαπᾶν
801 1501 847 1557 τάς

340 1577 466 1648 συμβίους
487 1578 521 1635 ὣς
546 1583 560 1633 ά
585 1579 676 1652 Κύριος
693 1582 739 1650 τὴν
759 1581 846 1649 εἐιιλη-

340 1662 404 1716 σίαν.
428 1659 465 1717 ib.
520 1663 560 1716 καὶ
586 1661 721 1734 ἀγαπῶμεν
746 1662 762 1715 ά
786 1661 847 1735 ι’γγά-

340 1764 429 1811 πησεν.
453 1741 547 1819 Polyc.
563 1740 635 1799 Phil
654 1761 679 1799 α.
707 1744 848 1815 ἀγάπωαας

340 1825 434 1881 πάντας
447 1826 476 1894 ἐξ
490 1824 556 1881 ίσσυ.
581 1845 607 1895 4.
641 1827 670 1879 οῦ
683 1826 733 1898 γάρ
746 1827 791 1879 τὸν
803 1829 848 1880 νῦν

340 1902 475 1978 ἧγάπησαν
492 1907 575 1963 αἰῶνα
603 1923 629 1978 9.
670 1907 761 1979 φθασῇ
782 1910 847 1978 πρὸς

340 1984 370 2040 ἀν
382 1984 514 2059 ἠγάπησεν
527 1987 625 2060 Χάρων.
642 1985 727 2045 Mart.
741 1986 804 2063 Ign.
819 2002 844 2059 5.

339 2068 398 2125 τοῦς
408 2069 436 2124 ἀί
449 2071 586 2142 μάρτυρας.
594 2069 753 2142 ..ἀγαπῶμεν
760 2069 845 2138 ἀξίως.

340 2146 425 2207 Mum
444 2148 538 2225 Polyc.
559 2162 602 2223 17.

298 2230 403 2304 Ἀγάπη.
446 2233 493 2302 τὴν
511 2232 610 2306 ἀγάπην
629 2233 712 2287 αὐτῶν
728 2231 847 2301 ...ίσην

338 2313 528 2385 παρεχέτωσαν.
566 2311 653 2370 Clem.
683 2310 699 2368 Ῑ
729 2331 774 2369 21.
821 2315 847 2368 τί

339 2393 423 2466 ἀγάπη
443 2396 506 2467 άγνι)
526 2397 595 2467 παρὰ
612 2399 649 2471 τῷ
663 2398 720 2470 Θεῷ
733 2394 844 2452 δύναται.

337 2471 375 2531 ib.
418 2475 637 2548 ε’γκαταλείπωρεν
659 2477 703 2546 τὴν
726 2476 844 2548 ἀγάπην;

340 2572 386 2629 33.
428 2557 458 2611 ‘0
479 2559 546 2628 ἔχων
566 2559 666 2630 ἀγάπην
685 2558 712 2612 ε’ν
733 2562 844 2633 Χριστῷ.

339 2655 386 2710 49.
428 2640 478 2693 Τὸν
495 2641 591 2709 δεσμάν
612 2642 657 2708 τῆς
679 2639 777 2712 ἀγάπης
799 2643 845 2693 τοῦ

339 2723 412 2775 Θεοῦ.
434 2717 472 2776 ib.
514 2724 545 2775 τά
569 2719 646 2793 ὕψος,
668 2721 704 2778 είς
724 2719 738 2774 ἀ
759 2721 845 2793 ἀνάγει

338 2800 459 2873 wrm·
479 2798 516 2858 ib-
551 2800 658 2874 Ἀνόπι.
674 2800 842 2876 491211882'211·

337 2880 383 2936 Ἐν
402 2882 488 2956 ἀγάπη
512 2886 691 2956 προσελάβετο
712 2882 783 2953 ἡμᾶς.
803 2881 841 2940 ib.

337 2968 393 3020 πῶς
415 2961 480 3035 μίγα
503 2965 545 3019 καί
569 2964 715 3032 θαυμαστόν
738 2964 843 3034 ε’στινὴ

338 3043 431 3116 ἀγάπη.
455 3058 501 3116 5ο.
543 3042 583 3100 ’ίνα
604 3046 631 3100 ἐν
649 3046 734 3119 ἀγάπη
754 3049 842 3115 ζῶμεν.

338 3122 377 3181 ib.
419 3126 584 3200 οίίνάγάπη
601 3127 781 3185 τελειωθέντες.
803 3125 841 3183 ib.

338 3206 471 3277 ε’ποιοῦμεν
494 3208 521 3262 ἐν
542 3209 643 3280 ἀμονοίρ
665 3209 770 3282 ἀγάπης.
803 3206 841 3265 ib.

339 3288 375 3344 είς
401 3290 431 3342 τὸ
457 3289 580 3360 ἀφεθῆναι
607 3289 665 3360 ἡμῖν
691 3289 722 3345 δι’
746 3290 844 3362 ἀγάπης

338 3371 383 3426 τάς
406 3372 527 3442 άμαρτίας
552 3370 627 3440 ἡμῶν.
657 3369 694 3427 ib.
738 3374 769 3426 02
792 3373 843 3445 γάρ

337 3451 401 3519 μετὰ
424 3454 511 3522 φόβου
533 3454 573 3506 καί
590 3452 689 3524 ἀγάπης
711 3456 842 3509 πολιτευά

337 3554 415 3601 μενοι.
438 3545 484 3603 51.
535 3529 570 3587 Ὠ
597 3537 709 3607 μεγαλης
734 3535 841 3606 ἀγάπης.

339 3625 388 3686 53.
429 3615 468 3671 τίς
493 3617 751 3687 πεπληροφορημένος
778 3616 841 3688 ἀγά-

338 3714 406 3765 mm
429 3708 476 3767 54·
519 3697 626 3765 ἐξῆλθεν
643 3697 674 3751 δι’
689 3697 787 3769 &dm
799 3701 843 3767 τῆς

338 3778 466 3848 πατρίδος.
494 3790 540 3848 55.
582 3778 843 3849 Ἐκάεχάμεθα...τὴν

337 3860 475 3922 βασιλείαν
493 3863 538 3912 τοῦ
559 3863 626 3914 θεοῦ
649 3861 676 3913 ἐν
697 3860 781 3931 ἀγάπη
802 3863 841 3914 καί

338 3938 488 4009 δικαιοσύνη.
512 3938 553 3995 ΙΙ.
582 3957 625 3995 12.
679 3941 693 4010 ἡ
719 3943 754 3998 είς
777 3944 842 3996 θεὸν

337 4020 470 4092 ἀνθρώπου
483 4021 576 4094 ἀγάπη.
600 4020 715 4097 Fragm.
729 4021 746 4078 i.
779 4025 842 4077 κατὰ

337 4100 424 4156 πίστιν
444 4106 483 4157 καί
506 4104 612 4176 ἀγάπην.
643 4101 709 4179 Ign.
724 4101 796 4179 Eph.
816 4121 839 4160 1.

337 4186 373 4257 τῷ
386 4184 413 4237 ἐν
426 4184 510 4256 ἀγάπη
531 4183 662 4260 ἀδιηγίητφ.
685 4183 724 4241 ib.
767 4186 840 4255 ε’ξεμ-

336 4266 445 4337 πλάριον
464 4268 508 4335 τῆς
531 4266 577 4337 ἀφ’
598 4267 666 4336 ὑμῶν
685 4267 790 4338 ἀγάπης.
815 4285 839 4323 2.

336 4348 432 4403 πάντας
446 4348 508 4416 ῦμάς
521 4348 582 4401 κατὰ
596 4348 695 4419 ἀγάπην
707 4345 780 4404 εἶδον.
802 4347 840 4404 ib.

337 4427 352 4496 ἡ
375 4428 459 4499 ἀγάπη
481 4430 525 4483 οῦκ
548 4430 575 4498 ἐᾷ
601 4452 633 4498 με
661 4433 761 4485 σιωπᾶν
783 4433 842 4502 περὶ

337 4510 412 4578 ὑμῶν·
436 4527 462 4581 3·
505 4513 636 4586 σννφῶνς
649 4511 741 4583 ἀγάπα
762 4531 790 4581 4·
826 4512 841 4580 ῦ

336 4591 364 4644 δὲ
391 4591 475 4662 ἀγάπη
498 4593 556 4649 &aas
579 4591 594 4661 ἡ
618 4593 782 4664 ἀναφέρουσα
806 4594 842 4650 είς

337 4675 407 4727 Θεάν.
432 4690 460 4744 9.
503 4674 546 4728 ε’ἀν
564 4675 667 4730 τελείως
690 4675 725 4730 είς
742 4674 843 4742 Ἰησοῦν

336 4757 449 4825 Χριστὸν
468 4755 544 4826 ἔχητε
564 4755 609 4824 τίγν
626 4758 714 4811 πίστιν
736 4757 776 4809 καί
796 4756 843 4825 τὴν

336 4834 440 4906 ἀγάπην.
461 4852 504 4905 14.
546 4836 619 4893 τελος
639 4837 668 4890 δὲ
687 4836 779 4907 ἀγάπη.
801 4835 839 4892 ib.

336 4916 394 4970 οῦδὲ
418 4916 516 4988 ἀγάπην
537 4918 683 4988 κεκτημένος
703 4921 779 4987 μισεῖ.
801 4917 839 4974 ib.

337 4997 364 5050 ε’ν
376 5019 406 5065 τη
425 4999 503 5052 αὐτοῦ
517 5003 605 5055 πίστει
623 5001 661 5053 καί
681 5000 708 5053 ε’ν
720 5003 750 5067 τῇ
764 5001 842 5054 αῦτοῦ

336 5077 430 5148 ἀγάπη.
449 5096 493 5134 20.
530 5081 598 5148 ὑμῶν
610 5083 640 5134 τὸ
655 5080 843 5136 πολυεῦτακτον

926 1258 971 1324 μία
998 1256 1080 1326 ε’λπίς,
1103 1254 1130 1308 ε’ν
1152 1253 1245 1326 ἀγάπη,
1280 1266 1306 1325 7.
1348 1256 1437 1309 πίστει

927 1337 1073 1410 εαὶάγάπη
1093 1353 1137 1409 13.
1173 1335 1354 1405 τῆςὴνωμίνης
1368 1337 1438 1406 ὑμῶν

927 1419 954 1472 ἐν
967 1421 1023 1494 θεᾷ
1042 1419 1188 1490 προσευχῆς
1205 1417 1246 1470 καὶ
1262 1417 1369 1489 ἀγάπης.
1388 1435 1433 1487 14.

926 1502 962 1554 Τὸ
988 1501 1038 1573 γάρ
1065 1499 1234 1570 ε’ξεμπλάριον
1259 1500 1304 1567 τῆς
1337 1499 1436 1570 ἀγάπης

928 1583 1003 1648 ὑμῶν.
1025 1577 1111 1636 'l'ralL
1128 1597 1157 1652 3.
1200 1579 1245 1634 οῦκ
1265 1580 1323 1652 ἀγοί,
1340 1579 1435 1648 ἀλλ’ἢ

927 1661 1109 1734 ἀγάπηἸησοῦ
1122 1665 1241 1732 Χριστοῦ.
1264 1660 1289 1716 6.
1333 1661 1434 1733 ε’νάγά-

927 1766 971 1812 πη,
993 1743 1009 1797 ὅ
1031 1743 1102 1797 ε’στιν
1122 1739 1183 1812 αίμα
1203 1741 1289 1811 Ἰησοῦ
1309 1747 1432 1814 Χριστοῦ.

929 1825 954 1880 8.
997 1824 1025 1879 ε’ν
1050 1824 1134 1895 ἀγάπη
1161 1822 1269 1878 ἀκοῦσαί
1294 1845 1352 1893 μου.
1387 1841 1431 1897 13.

927 1909 971 1975 τῆς
990 1905 1037 1978 ἀφ’
1056 1907 1125 1974 ῦμῦν
1141 1905 1246 1978 ἀγάπης.
1269 1903 1306 1961 ib.
1348 1905 1433 1961 ἀσπά-

927 1989 994 2056 ζεται
1007 1988 1070 2056 ῦμάς
1083 1986 1098 2055 ἡ
1111 1986 1196 2060 ἀγάπη
1210 1986 1361 2058 Σμυρναίων.
1386 2003 1431 2060 13.

927 2070 989 2123 κατὰ
1015 2068 1116 2140 ἀγάπην
1135 2066 1221 2136 Ἰησοῦ
1247 2071 1361 2139 Χριστοῦ
1386 2073 1434 2122 τοῦ

928 2153 994 2204 θεοῦ
1006 2149 1084 2219 ἡμων
1108 2147 1191 2205 Rom.
1207 2146 1295 2205 Inscr.
1338 2171 1432 2222 προςα-

926 2231 1017 2302 θινὲνι
1030 2233 1075 2300 τῆς
1091 2230 1197 2304 ἀνίετε·
1221 2227 1260 2286 ib·
1301 2233 1432 2300 Φοβοῦμαι

925 2311 1235 2385 γάρτὴνῦμῦνάγάπην.
1261 2327 1285 2366 1.
1328 2312 1431 2386 ε’νάγά-

925 2416 961 2462 πη
983 2396 1061 2466 χορὸς
1086 2395 1221 2465 γενόμενοι
1254 2408 1279 2448 2.
1322 2392 1339 2447 ὅ
1360 2394 1433 2448 ἐστιν

925 2474 1010 2549 ἀνία
1023 2474 1162 2547 ἄφθαρτα·
1186 2485 1211 2547 7·
1254 2476 1365 2547 Χριστὸς
1377 2475 1431 2529 ἔτι·

925 2555 1319 2629 σκπάσεικσὶὴὺνῶνόιάππ
1346 2572 1372 2627 9·
1415 2556 1432 2625 ἡ

925 2639 1073 2712 ἀγάπητῶν
1086 2638 1232 2706 ἐκκλησιῶν.
1250 2635 1288 2693 ib.
1331 2637 1390 2691 ἀλλ’
1404 2638 1432 2692 ἐν

925 2719 1010 2792 ἀγάπη
1036 2722 1103 2774 Θεοῦ
1128 2721 1237 2790 Πατρός.
1270 2715 1378 2775 Phila&
1404 2735 1428 2775 1.

924 2799 1110 2871 ε’ξασθενίγσητε
1124 2800 1194 2869 ε’ντῇ
1209 2799 1301 2873 ἀγάπη.
1325 2799 1351 2856 6.
1388 2800 1432 2855 ε’ἀν

924 2882 1047 2956 ε’νάγάπη
1060 2879 1203 2950 πιστεύητε.
1222 2899 1247 2954 9.
1277 2880 1431 2950 Ἀσπάζεται

923 2965 986 3033 ῦμὰς
1013 2963 1028 3032 ἡ
1050 2963 1134 3036 ἀγάπη
1155 2967 1206 3017 τῶν
1228 2962 1356 3035 ἀάελφόν.
1383 2979 1428 3020 11.

924 3050 954 3103 et
967 3042 1079 3120 Smym
1098 3061 1143 3100 12.
1186 3046 1222 3101 είς
1242 3042 1432 3113 ἀνελπίζουσιν

924 3128 1090 3196 ...πίστει,
1117 3126 1212 3199 ἀγάπη.
1245 3122 1353 3182 Ρίιίίαά.
1382 3143 1427 3181 11.

923 3208 1105 3281 πεπληρωμένη
1125 3207 1153 3262 ε’ν
1166 3209 1254 3263 πίστει
1274 3209 1315 3261 καὶ
1334 3207 1427 3280 ἀγάπη.

924 3286 1036 3364 Smym
1063 3286 1152 3346 Inscr.
1204 3288 1376 3360 ἡδρασμένοος
1402 3289 1430 3344 ἐν

922 3371 1014 3444 ἀγάιιη.
1034 3389 1059 3426 1.
1099 3372 1130 3426 τὸ
1150 3371 1201 3442 γάρ
1225 3370 1288 3424 ὅλον
1308 3370 1367 3425 ε’στὶ
1386 3371 1430 3426 πί-

923 3475 979 3509 στις
1000 3451 1041 3508 καί
1061 3453 1153 3525 ἀγάπη.
1177 3450 1206 3507 6.
1247 3453 1312 3523 Περὶ
1331 3451 1429 3523 ἀγάπης

923 3535 953 3588 οῦ
966 3533 1038 3604 ρελει
1051 3535 1145 3590 αῦτοῑς.
1160 3530 1199 3588 ib.
1227 3536 1285 3586 οὔτε
1299 3533 1430 3600 βαπτίζειν

923 3619 981 3669 οὔτε
1004 3616 1104 3688 ἀγάπην
1125 3617 1212 3670 ποιεῖν.
1238 3614 1264 3669 8.
1307 3615 1429 3684 ε’ἀράσθαι

922 3698 1009 3751 πίστει
1023 3699 1063 3751 καί
1075 3697 1166 3768 ἀγάπη
1186 3712 1229 3767 13.
1260 3695 1427 3750 πάντωνάνέ-

922 3801 971 3848 χου
985 3778 1012 3832 ε’ν
1023 3777 1116 3851 ἀγάπη
1134 3775 1228 3852 Polyc.
1248 3794 1271 3831 1.
1314 3777 1427 3848 ι’γάγάπη

922 3861 956 3915 ἀις
969 3859 1037 3931 δόρυ.
1054 3859 1081 3915 6.
1124 3860 1193 3930 ὑμῶν
1205 3859 1250 3928 την
1261 3858 1350 3912 άοκνον
1363 3858 1425 3929 ἀγά-

922 3962 980 4009 πην·
1005 3956 1031 4012 7·
1073 3939 1245 4010 τὸνμίιναα
1261 3939 1428 4008 τῆεαλπθοῦς

921 4021 1026 4094 ἀγάπης.
1045 4018 1227 4096 Polyc.PhiL
1247 4038 1271 4076 1.
1301 4020 1428 4094 προαγοά

922 4125 970 4171 σης
993 4106 1037 4173 τῆς
1056 4104 1161 4176 ἀγάπης.
1185 4120 1210 4175 3.
1253 4105 1268 4156 ά
1290 4102 1340 4174 γάρ
1361 4103 1428 4174 ἔχων

922 4184 1027 4256 ἀγάπην.
1048 4183 1086 4241 ib.
1127 4186 1197 4254 ε’ντῇ
1218 4184 1322 4252 ἀσθείαη
1341 4184 1428 4241 αὐτοῖς

927 4265 1062 4339 ...ἀγάπη
1086 4285 1112 4336 4.
1154 4269 1199 4336 τῆς
1219 4266 1297 4322 ὅντως
1316 4267 1425 4336 είςΧρι-

923 4349 987 4401 στὸν
1019 4347 1117 4420 ἀγάπης
1150 4347 1323 4419 ἐφαψάμενος.
1361 4343 1424 4422 Igu

922 4426 1007 4485 Mart.
1027 4446 1051 4484 1.
1092 4430 1220 4498 τελείρτῇ
1237 4431 1302 4499 πρός
1320 4451 1352 4483 σε
1364 4428 1426 4500 ἀγά-

921 4533 964 4579 πη.
986 4527 1010 4565 2.
1052 4511 1097 4579 τὴν
1109 4512 1174 4581 πρὸς
1193 4515 1307 4582 Χριστὸν
1319 4509 1424 4582 ἀγάπην.

923 4610 950 4661 4.
991 4593 1036 4662 τὴν
1057 4592 1084 4646 ε’ν
1107 4593 1191 4667 εἰεείνφ
1218 4594 1254 4666 τῷ
1280 4593 1350 4665 τόπφ
1376 4596 1427 4645 τῶν

922 4674 1042 4745 ἀδελφῶν
1055 4673 1160 4744 ἀγάπην.
1182 4686 1208 4744 5.
1250 4673 1296 4741 τὴν
1308 4671 1427 4741 ἀληθινὴν

921 4755 1026 4826 ἀγάπην.
1044 4754 1069 4809 6.
1113 4755 1176 4826 ῦπάρ
1190 4757 1234 4824 τῆς
1246 4759 1296 4808 τῶν
1305 4753 1426 4824 ἀδελφῶν

922 4837 958 4893 είς
980 4834 1108 4905 ἀλλήλους
1128 4836 1233 4909 ἀγάπης.
1256 4832 1293 4891 ib.
1341 4834 1426 4906 ἀγάπη

921 4917 971 4973 ἀπὸ
995 4921 1081 4973 θεοῦ.
1103 4960 1110 4972 .
1133 4917 1314 4986 ,πληθυνθείη
1337 4913 1424 4972 Mart.

922 4997 1016 5073 Polyc.
1041 4996 1130 5055 Inser.
1172 4999 1270 5071 ἀγάπης
1290 4999 1340 5071 γάρ
1364 4997 1426 5066 ἀλη-

923 5080 981 5137 θοῦς
995 5083 1034 5135 nal
1046 5081 1154 5146 βεβαίας
1166 5081 1246 5134 ἐστίν.
1265 5096 1289 5133 1.

336 5161 380 5228 τῆς
403 5161 464 5214 κατὰ
487 5163 551 5215 θεὸν
571 5161 675 5234 ἀγάπης.
699 5160 795 5236 Magn.
816 5180 839 5219 1.
880 5161 1028 5234 Ἀγαπητός.
1064 5162 1195 5234 ἀγαπητοί.
1217 5158 1306 5217 clem.
1322 5157 1339 5214 Ῑ
1357 5177 1381 5229 1,
1397 5171 1424 5231 7,

336 5242 448 5297 πίστεώς
465 5264 494 5295 τε
514 5244 554 5296 καὶ
567 5243 672 5314 ἀγάπης.
708 5241 745 5300 ib.
768 5247 793 5299 αί
813 5244 841 5297 άέ

336 5323 423 5376 πιστοί
434 5323 460 5377 ε’ν
469 5322 554 5395 ἀγάπη
566 5327 711 5397 χαρακιηρα
721 5329 797 5381 θεοῦ.
812 5338 839 5397 5.

925 5260 970 5307 12,
991 5261 1037 5314 21,
1059 5260 1095 5312 24
1110 5241 1160 5312 bis,
1182 5256 1220 5314 35
1235 5240 1285 5312 bis,
1307 5241 1354 5314 36,
1377 5258 1425 5313 43,

923 5341 970 5397 ιι.
995 5340 1035 5395 50
1056 5322 1107 5396 ὂν,
1132 5337 1180 5396 53,
1205 5322 1243 5394 5⁶
1266 5321 1316 5380 ὂν·
1360 5320 1423 5398 Ιαν
