3250 6617
462 1079 526 1143 AD
548 1078 840 1155 CORINTHIOS,
863 1077 941 1155 lviii,
957 1077 1011 1141 lix.
1195 1077 1256 1140 215

271 1253 414 1329 LVIII.
442 1253 631 1354 Inspector
656 1253 819 1328 omniurn
843 1253 955 1337 Deua,
975 1252 1172 1350 spirituum
1197 1249 1259 1323 he·
1272 1274 1350 1322 Num.
1364 1274 1407 1352 ,ᾗ

218 1398 292 1459 nra,
309 1381 348 1446 et
364 1373 554 1447 universae
571 1373 688 1446 camis
705 1371 896 1456 Dominus,
913 1370 978 1469 qui
1002 1369 1115 1470 elegit
1132 1367 1257 1441 Domi·
1272 1355 1310 1454 Ῑξ
1329 1356 1399 1389 ¹¹”¹

219 1515 309 1563 num
321 1488 347 1564 J
349 1516 451 1563 esum
469 1488 667 1575 Christum,
685 1498 724 1562 et
745 1515 812 1562 noa
829 1513 895 1586 per
911 1513 995 1560 eum
1018 1486 1057 1558 in
1083 1484 1258 1584 populum

220 1604 446 1704 peculiarem,
476 1605 542 1680 det
570 1607 669 1680 omni
697 1605 849 1690 animae,
879 1629 972 1700 quae
997 1601 1194 1701 gloriosum
1219 1611 1259 1674 et

220 1730 387 1795 sanctum
413 1747 545 1795 nomen
575 1720 653 1820 ejus
682 1719 916 1804 invocaverit,
939 1717 1060 1801 fidem,
1079 1716 1257 1799 timorem,

220 1862 355 1935 pacem,
377 1837 604 1935 patientiam,
629 1835 963 1936 aequanimitatem,
986 1831 1259 1916 continentiam,

220 1951 426 2025 caetitatem
444 1961 482 2026 et
498 1952 722 2051 pudicitiam,
739 1961 785 2025 ut
800 1949 939 2024 nomini
962 1948 1041 2049 ejus
1061 1957 1158 2022 recte
1182 1946 1258 2046 pla·

220 2076 311 2154 ceat,
321 2093 387 2167 per
399 2094 581 2142 summum
595 2068 818 2143 sacerdotem
832 2076 871 2140 et
884 2074 1079 2165 patronum
1092 2074 1258 2136 nostrum

220 2178 247 2255 J
247 2206 351 2255 esum
367 2181 565 2269 Christum,
583 2209 774 2281 perquem
799 2182 854 2255 illi
870 2181 920 2254 sit
936 2179 1060 2280 gloria,
1077 2178 1258 2278 majestas,

221 2303 394 2394 potestas,
410 2297 533 2385 honor,
551 2306 589 2371 et
606 2324 712 2384 nunc,
726 2307 765 2371 et
781 2298 821 2371 in
837 2296 959 2371 omnia
975 2294 1118 2369 saecula
1137 2321 1258 2368 saecu-

220 2412 347 2489 lorum.
398 2416 527 2488 Arnen

270 2530 371 2605 LIX
390 2531 523 2606 Missos
539 2541 663 2606 autern
681 2558 703 2603 a
719 2530 823 2604 nobis
841 2529 1038 2605 Claudium
1055 2529 1258 2628 Ephebrun

218 2658 258 2721 et
274 2647 462 2722 Valerium
480 2648 650 2722 Bitonem
667 2674 751 2722 curn
770 2646 984 2732 Fortunato,
1003 2647 1040 2719 in
1061 2673 1149 2745 pace
1174 2673 1257 2720 cum

223 2890 332 2949 locutos
353 2910 414 2949 esee
438 2890 615 2949 demonstrat
639 2891 720 2949 Wot-
760 2891 796 2949 ad
810 2890 915 2949 calcem
927 2890 1162 2949 Pseudo-Abdita
1176 2910 1194 2946 a
1205 2889 1258 2947 la-

222 2980 316 3031 tonae.
358 2972 432 3030 Vide
455 2992 541 3049 supra
563 2979 662 3031 notata
683 2972 720 3030 ad
760 2972 804 3030 zio
818 2972 935 3049 vulgati.
979 2971 1035 3031 Sed
1056 2992 1108 3048 pro
1126 2971 1260 3047 Ephebua

224 3054 303 3130 536,
324 3074 351 3131 p.
370 3072 425 3128 132
448 3054 465 3112 l.
484 3073 508 3111 2.
760 3053 862 3112 vitiose
876 3054 982 3132 legitur
995 3053 1097 3112 Fabae.
1119 3053 1257 3111 DeVale-

265 3153 290 3209 9.
313 3136 344 3192 δι’
359 3136 390 3191 οὗ
409 3138 476 3211 αὐτῷ
490 3137 553 3205 δόξα
585 3135 630 3193 De
644 3154 719 3192 com·
759 3135 804 3192 rio
822 3142 918 3193 autem
934 3135 1076 3212 Episcopo
1091 3134 1259 3205 Trevirensi,

222 3215 352 3293 pluribus
363 3215 541 3293 Doxologiae
562 3215 720 3274 ormulisin
760 3215 900 3293 discipulo
921 3216 999 3274 Petri
1018 3216 1158 3294 Apostoli,
1173 3216 1210 3273 ad
1230 3216 1257 3273 d.

224 3296 359 3363 Ecclesia,
373 3305 440 3355 ante
453 3297 643 3375 excogitatam
658 3297 718 3354 Arii
763 3317 799 3372 29
810 3297 940 3355 Januarii
955 3318 1040 3376 agere
1054 3297 1260 3374 Martyrologia

223 3376 361 3450 haerffln,
371 3379 523 3455 usurpatis,
531 3378 646 3437 videndi
660 3398 721 3436 om·
761 3387 893 3437 notatum
913 3378 967 3438 fuit
992 3379 1141 3438 Cotelerio.
1164 3378 1258 3437 GAL-

224 3460 293 3519 nino
319 3470 386 3520 eunt
414 3460 487 3518 Bull.
515 3460 576 3519 Fid.
602 3460 720 3518 Nicaen.
763 3459 884 3517 LAND.
927 3459 997 3517 Trea
1015 3468 1128 3518 tantum
1146 3460 1223 3517 viros
1242 3480 1260 3517 a

225 3540 289 3601 Del
305 3540 338 3599 II
352 3541 383 3599 iii
399 3544 427 3611 6,
440 3561 485 3613 10,
498 3560 541 3616 13,
552 3550 582 3601 et
593 3541 720 3600 Hoolrer.
763 3540 921 3599 Corinthiis
948 3541 1049 3599 missos
1076 3541 1162 3599 fuisse
1183 3549 1259 3600 recte

224 3622 328 3681 Ecclea
343 3624 450 3699 Polity,
464 3622 493 3681 V
506 3622 576 3681 xlvii
592 3642 698 3697 9-11.
762 3621 1162 3693 videruntWakius,Wott-on.
1173 3621 1259 3698 Frey-

269 3723 314 3763 12.
330 3702 605 3784 Khdtwv'ltdqssoa]
617 3703 722 3763 Junius
762 3704 813 3776 ius,
829 3703 1029 3762 Schoeneman.
1048 3703 1139 3762 Hefel.
1160 3703 1259 3761 Reith·

224 3804 291 3843 eum
307 3785 380 3843 Edd
403 3805 440 3843 ex
461 3786 535 3844 mala
558 3786 722 3862 interpuno·
762 3805 850 3861 mayr.
880 3793 909 3843 et
937 3785 1119 3843 Dresseliua:
1156 3785 1259 3843 caeteri

224 3866 303 3926 tione
325 3866 451 3944 quinque
473 3867 581 3944 legatos
607 3867 643 3924 ad
667 3866 723 3924 Co·
764 3866 836 3924 Edd
853 3886 923 3943 quoa
944 3866 1072 3943 sequitur
1092 3867 1259 3944 Herzogiua,

226 3947 347 4007 rinthioa
360 3947 446 4005 lineae
462 3948 562 4006 missos
583 3947 719 4024 perhibet.
761 3946 878 4006 nomina
890 3947 959 4005 hace
977 3947 1019 4005 ita
1032 3948 1213 4025 distinguunt
1226 3956 1260 4006 ut

226 4027 269 4088 At
295 4029 366 4087 illud
388 4032 429 4085 καί
449 4029 525 4089 inter
543 4028 666 4101 ’Ἔφηβον
692 4035 722 4086 et
762 4030 888 4107 quinque
908 4029 1012 4089 iaciant
1035 4030 1151 4106 legatos.
1194 4029 1259 4086 Pari

226 4113 365 4185 οὖαλίρων
376 4110 566 4188 interjectum,
576 4119 635 4169 tres
649 4110 720 4167 dun·
761 4112 791 4169 in
826 4131 921 4170 errore
948 4113 1134 4170 versabantur
1164 4110 1259 4169 Inter.

224 4198 307 4251 texat
326 4190 413 4249 irrisae
434 4193 580 4264 ostendit5
600 4210 722 4269 quorum
762 4199 858 4269 pratee
878 4192 1006 4270 plerique
1026 4194 1055 4251 in
1077 4194 1138 4251 loco
1152 4191 1261 4269 Ignatii

226 4272 291 4347 duo,
309 4273 369 4331 auia
388 4274 618 4349 praenominibus
635 4271 723 4349 ineig-
763 4293 849 4351 supra
875 4273 1009 4346 indicato,
1034 4274 1083 4332 uhi
1105 4294 1120 4331 e
1142 4274 1260 4344 duobus,

225 4353 289 4421 niti,
313 4354 449 4413 videntur
469 4354 553 4413 briaae
576 4354 672 4413 liberti
693 4354 723 4410 in
764 4354 882 4412 Philone
906 4363 936 4413 et
957 4355 1038 4414 Rheo
1063 4354 1260 4432 Agathopode,

225 4434 345 4495 familiae
359 4435 544 4495 Claudiorum
559 4434 723 4495 etValerio-
763 4443 822 4494 tres
839 4436 955 4508 faciunt,
969 4436 1126 4507 Philonem,
1139 4436 1260 4505 Rheum,

226 4516 412 4576 rumadaciti.
455 4516 547 4594 quue
556 4518 618 4594 jam
632 4517 722 4593 euspi-
763 4524 792 4575 et
805 4517 1003 4595 Agathopoda
1046 4517 1126 4576 Conl
1149 4518 1201 4594 Ep.
1223 4516 1260 4574 ad

225 4606 305 4657 catus
318 4607 362 4658 eet
376 4598 494 4657 Boieiua
522 4599 605 4672 Quod
619 4598 723 4656 exinde
764 4597 874 4656 Philad.
898 4601 912 4674 §
932 4618 975 4656 11.

225 4680 384 4757 probarunt
394 4679 551 4738 Peareonua
562 4680 591 4737 in
603 4679 679 4737 notia
692 4679 723 4736 in
808 4699 850 4754 ¹3·
867 4683 916 4736 σὺν
929 4684 970 4736 καὶ
982 4675 1168 4758 Φορτοννότφ]
1191 4677 1261 4737 For-

227 4760 281 4839 Ep.
297 4760 326 4820 S.
341 4761 449 4839 Ignatii
464 4763 500 4819 ad
514 4762 627 4836 Smym.
644 4760 658 4836 ᾗ
677 4780 721 4832 ιο,
762 4780 812 4818 aan
833 4761 985 4837 legendum
1006 4764 1056 4815 σὺν
1069 4763 1134 4836 Γαίῳ
1150 4769 1261 4832 Φορτοψ

225 4850 256 4901 et
282 4843 447 4902 Dodvellua
480 4843 510 4900 in
538 4842 657 4900 Dissert.
686 4841 723 4899 ad
763 4841 1261 4919 vtirp‚naml⁴lphcbo,ctVitonieua

226 4922 300 5001 opp.
312 4922 458 4983 Poethum.
471 4923 605 4983 Peareoni
613 4943 640 5000 p.
656 4941 721 4994 221,
762 4923 829 4981 data
838 4931 906 4982 eunt
919 4921 1109 5000 praenomina
1126 4922 1258 4980 DAVIS.

225 5004 337 5083 aliique.
353 5005 506 5065 Caeterum
516 5003 721 5083 Ephebueiete,
763 5004 845 5062 ldcm
856 5024 915 5062 esse
924 5005 1037 5062 videtur
1045 5005 1094 5080 qui
1103 5024 1121 5061 a
1131 5004 1159 5062 S.
1170 5003 1260 5062 Paulo

225 5093 260 5145 ut
278 5087 391 5146 monuit
410 5086 595 5151 Oolomesius,
612 5105 720 5145 memo·
760 5094 953 5155 memoratum
973 5082 1077 5166 [ICor.
1094 5084 1260 5159 xvi17‚ubi

224 5174 305 5228 retur
317 5169 394 5228 inter
403 5167 560 5229 Clementis
568 5167 722 5244 discipulos
762 5166 852 5226 Oodd.
864 5167 993 5227 nonnulli
1004 5169 1187 5242 Φορτουνάτον]
1202 5167 1259 5244 qui,
