3250 6617
298 1080 341 1140 28

294 1238 415 1307 Αύθάδης.
458 1241 585 1308 πρόσωπα
606 1240 720 1308 προπετῆ
740 1240 780 1291 καί
799 1239 843 1292 αύ-

334 1319 407 1387 όάδη.
430 1316 597 1375 Clem.I1.

295 1400 461 1472 Αύθαιρίτως.
503 1401 546 1454 ε’ὰν
558 1401 593 1469 μὴ
611 1399 763 1471 αὐθαιρέτως
776 1402 842 1472 ἔχω-

334 1505 381 1552 μεν
393 1484 422 1535 τδ
435 1481 576 1536 ἀποθανεῖν.
600 1479 663 1555 Igu.
680 1480 776 1556 Magn.
794 1494 821 1553 5.

295 1565 417 1631 Αύλίζειν.
460 1563 510 1630 ἔξω
530 1566 574 1632 τῆς
592 1566 758 1633 παρεμβολῆς
771 1564 843 1632 ηύλί·

337 1645 444 1714 σθησαν.
468 1642 557 1700 Clem.
573 1642 589 1700 Ῑ
605 1665 630 1713 4.

295 1726 394 1794 Αθξειν.
437 1726 465 1780 εἰς
489 1730 535 1780 τοῦ
557 1728 611 1781 ε’νδς
634 1727 741 1780 πλείονα
761 1728 840 1796 αὔξει.

337 1804 519 1876 Clem.124.

296 1888 432 1960 Αύταρεὴς.
474 1889 604 1959 Αύταρκίης
625 1889 661 1944 είς
684 1889 845 1961 σωτηρίανίη

336 1971 373 2027 είς
395 1973 460 2025 θεδν
480 1971 614 2042 ἀνθρώπου
634 1970 725 2043 ἀγάπη.
753 1968 842 2028 Olem.

339 2050 453 2126 Fragm.
468 2049 486 2107 i.

296 2133 483 2189 Αύτεπαίνετος.
513 2132 845 2206 αύτεπαινίτονςγάρμιαεῑ

338 2218 353 2269 ὁ
367 2218 438 2272 θεός.
462 2213 551 2271 (λεια.
568 2213 584 2269 Ι
599 2232 646 2286 30.

299 2298 460 2366 Αύτομολεῖν.
496 2297 595 2364 δέξεταί
607 2318 661 2350 τινα
675 2301 725 2349 τῶν
737 2296 845 2362 αύτομο-

337 2376 506 2433 λούντωνάπ’
521 2379 619 2442 αύταῦ;
642 2375 731 2434 Olem.
748 2375 763 2431 Ι
780 2378 825 2432 28.

300 2460 437 2528 Αύτόπτης.
460 2458 561 2513 Τούτων
573 2461 696 2514 αὐτόπται
708 2462 843 2529 γενόμενος.

339 2538 425 2597 Mart.
442 2539 505 2615 Igu.
523 2554 549 2612 7.

298 2624 386 2679 Αὐτός.
428 2625 458 2676 τὸ
479 2623 541 2676 αὐτὸ
564 2622 654 2693 λε’γητε
675 2623 767 2677 πάντες
787 2623 846 2692 περί

337 2704 482 2762 τοῦαύτοῦ,
508 2701 569 2777 [gn.
586 2701 659 2777 Eph.
678 2721 702 2758 2.

299 2783 419 2856 Ἀφανης.
444 2784 543 2855 ἀφανὴς
556 2789 591 2859 τῷ
605 2787 693 2859 κόσμιρ
706 2786 844 2855 γενόμενος.

340 2864 425 2922 Mart.
441 2863 505 2940 Ign.
523 2883 549 2937 3.

298 2947 487 3018 Ἀφανίζεσθαι.
523 2950 572 3004 πᾶς
594 2946 689 3015 δεσμός
711 2944 846 3016 ίηφανίζετο

339 3026 432 3084 κακίας.
454 3027 517 3102 Ign.
535 3026 668 3101 Eph.19.

299 3109 479 3181 Ἀφαρπάζειν.
517 3110 562 3177 τὴν
574 3110 647 3177 ἀξίαν
659 3113 705 3162 τοῦ
721 3112 783 3162 Υίοῦ
795 3109 846 3179 ἀφ·

339 3193 497 3262 αρπάζοντες.
520 3189 583 3266 Igu.
601 3189 711 3265 Fragm.
728 3188 748 3245 i.

296 3271 418 3343 Ἀφεσις.
454 3274 558 3326 αίτεῖται
579 3273 675 3344 ἀφεσιν
692 3276 727 3347 τῷ
746 3269 844 3340 πλήθει.

340 3351 428 3410 Clem.
446 3352 461 3408 Ι
477 3369 524 3426 53.

299 3435 453 3507 Ἀφθαρσία.
497 3438 541 3504 της
574 3436 721 3506 ἀφθαρσίας
752 3435 844 3506 ἀγῶνα.

340 3514 428 3573 Clem.
447 3515 479 3571 Π
497 3532 521 3588 7.
565 3516 604 3571 ἵνα
624 3518 686 3585 πνίη
706 3521 736 3585 τῇ
758 3519 845 3584 ε’κκλη-

340 3597 384 3669 σία
412 3600 565 3670 ἀφθαρσίαν.
605 3597 667 3672 Igu.
698 3596 770 3672 Eph.
799 3612 842 3669 17.

339 3681 375 3736 είς
398 3680 476 3734 τύπον
500 3682 540 3734 καί
562 3681 666 3750 διδαχὴν
689 3681 843 3749 ἀφθαρσίας.

340 3760 436 3836 Magn.
454 3762 479 3816 6.
515 3764 545 3814 τὸ
559 3762 586 3815 δὲ
605 3762 752 3832 εὐαγγέλιον
765 3762 845 3831 ἀπάρ-

340 3847 419 3911 τισμά
433 3845 503 3896 ε’στιν
517 3843 669 3913 ἀφθαρσίας.
692 3840 800 3898 Philad.
819 3861 843 3915 9.

340 3928 369 3977 τὸ
383 3925 445 3993 θέμιν
460 3924 593 3994 ἀφθαραία
614 3927 652 3977 καί
672 3925 721 3992 ζωὴ
738 3925 843 3979 αἰώνιος.

341 4003 435 4080 Polye.
454 4023 478 4060 2.
523 4007 549 4058 ἐν
576 4004 709 4075 ἀφθαρσίᾳ
731 4003 846 4073 Πνεύμα-

340 4111 382 4145 τος
403 4089 482 4158 ἁγίου.
507 4085 592 4143 Mart.
609 4084 704 4159 Polyc.
726 4104 768 4154 ιη.
811 4091 847 4160 τῷ

340 4172 384 4237 της
404 4169 550 4238 ἀφθαρσίας
569 4170 697 4241 στεφάνιρ.
718 4181 761 4238 17.
803 4171 848 4221 τὸν

339 4253 384 4318 τῆς
414 4249 561 4321 ἀφθαρσίας
595 4250 724 4319 στέφανον
749 4250 846 4303 ἀπολα·

340 4336 401 4396 βῶν.
424 4348 465 4402 19.

296 4410 452 4484 Ἀφθαρτας,
496 4414 574 4465 ἐκεῖνα
602 4413 629 4465 δὲ
653 4412 792 4483 ἀγαπῆσαι,
817 4414 848 4465 τὰ

340 4496 423 4566 ἀγαθὰ
447 4497 487 4547 καί
507 4494 632 4564 ἄφθαρτα.
661 4491 752 4549 Clem.
769 4491 802 4547 Π
819 4493 846 4548 6.

340 4577 425 4648 ἀγῶνα
437 4577 481 4629 τὸν
494 4576 632 4645 ι’ίφθαρτον,
650 4586 675 4645 7.
718 4579 733 4628 ό
754 4578 849 4645 καρπὸς

341 4660 422 4712 αὐτῶν
443 4657 579 4726 ἄφθαρτος.
614 4654 782 4731 Ig11.Trall.
803 4673 846 4711 11.

341 4741 426 4812 ἀγάπη
440 4738 579 4808 ι’ίφθαρτος.
603 4737 687 4793 Rom.
702 4755 727 4809 7.

300 4821 425 4892 ’.λφίεναα
468 4821 503 4875 είς
529 4823 558 4873 τὸ
585 4820 709 4889 ἀφεθῆναι
735 4820 793 4888 ἡμίν
818 4820 848 4873 δι’

342 4903 440 4973 ἀγάπης
458 4903 503 4956 τὰς
521 4902 642 4970 ἁμαρτίας
656 4902 733 4969 ἡμῶν.
756 4899 847 4957 Clem.

344 4980 359 5036 Ῑ
383 4995 429 5051 50.
475 4981 576 5053 ’Ἃφετί
608 5005 639 5049 με
668 4983 760 5051 θηρίων
787 4978 849 5036 είναι

644 1073 790 1138 INDEX
811 1072 1069 1140 VERBORUM

926 1238 1029 1309 Κυρίου,
1057 1236 1097 1292 ’ίνα
1123 1237 1182 1306 ἡμῖν
1205 1239 1270 1308 ἀφῇ,
1294 1238 1438 1310 ὀφείλομεν

925 1318 965 1374 καί
977 1318 1048 1387 ἡμεῖς
1067 1319 1175 1390 ἀφιέναι.
1201 1318 1297 1395 Polyc.
1315 1317 1388 1377 Phil.
1405 1321 1435 1377 6.

919 1398 1020 1471 Ἀφετέ
1031 1423 1063 1468 με
1073 1399 1163 1457 οὕτως.
1179 1398 1265 1458 Mart.
1276 1399 1373 1477 Polyc.
1390 1419 1435 1475 ¹3·

925 1480 1033 1552 ἀφίντες
1042 1483 1087 1537 τδν
1100 1484 1298 1553 ἐσταυρωμένον.
1321 1496 1363 1555 17.

894 1564 1085 1635 Αφιλάργυρος.
1126 1563 1235 1632 Ὀμοίως
1259 1566 1369 1621 διάεονοι

924 1644 1105 1717 ἀφιλάργυροι.
1129 1642 1224 1720 Polyo.
1242 1644 1314 1702 Phil.
1331 1659 1357 1718 5.

884 1723 1056 1796 Ἀφιλοξενία.
1092 1726 1282 1799 ἀπορρίψαντες
1302 1726 1349 1799 ἀφ’
1377 1730 1435 1782 ίαν-

924 1812 975 1861 τῶν
1032 1806 1204 1879 ἀφιλοξενίαν.
1221 1806 1309 1865 Clem
1327 1807 1342 1864 Ι
1358 1824 1406 1881 35.

893 1889 1045 1959 Αφιστιίναι.
1080 1888 1306 1962 ἀφεστηκασιγὰρ
1319 1890 1371 1945 ἀπὸ
1384 1896 1437 1945 τάν

925 1969 1025 2024 δούλων
1033 1974 1079 2024 τοῦ
1089 1975 1155 2025 Θεοῦ
1165 1971 1198 2025 τά
1207 1972 1329 2042 δαιμόνια.
1345 1970 1431 2030 Mart

926 2049 942 2105 1
986 2067 1034 2106 .2.

885 2069 1028 2269 ’Aspifffim
1043 2134 1078 2190 είς
1087 2134 1202 2189 τούπίσω
1212 2134 1324 2206 ἀφορμζι
1341 2131 1433 2192 clem.

962 2227 1007 2286 ²5·

885 2294 1011 2367 ἰουι
1063 2295 1097 2365 μυ
1124 2296 1243 2367 amam
1270 2297 1351 2352 aa...

926 2377 1033 2433 ἔθνεσιν.
1060 2375 1125 2451 Ign.
1140 2375 1226 2434 Trall.
1242 2379 1268 2434 8.

886 2457 1041 2529 Ἀφροαύνη.
1068 2459 1216 2529 ἀποθέμεναι
1274 2457 1432 2530 ἀφροσύιην.

927 2537 1016 2596 Clem.
1040 2537 1117 2612 113.
1173 2541 1215 2595 διὸ
1241 2543 1286 2610 την
1312 2541 1436 2612 ὑμετέραν

926 2620 1082 2693 ἀφροσύνην·
1100 2634 1148 2692 47·

880 2700 1000 2774 Ἀφρων.
1044 2704 1068 2756 αί
1087 2704 1199 2775 ἄφρονες
1216 2703 1258 2758 ε’πί
1270 2703 1330 2759 τούς
1343 2705 1434 2774 φρονί-

927 2806 996 2853 μους.
1027 2781 1115 2840 Clem.
1143 2783 1158 2839 I
1184 2802 1210 2856 3.
1254 2787 1362 2839 Μᾶλλον
1389 2784 1433 2839 ἇν-

928 2864 1037 2936 θρώποις
1049 2865 1150 2937 ἄφροσι
1162 2910 1168 2921 .
1186 2908 1193 2920 .
1210 2910 1217 2922 .
1232 2867 1431 2938 προσιόψωμεν.

930 2962 976 3001 21.
1016 2944 1146 3017 Ἀφρονες
1167 2950 1208 3002 καί
1230 2947 1355 3003 ἀσύνετοι
1383 2964 1431 3020 39.

927 3026 966 3082 ίνα
986 3029 1019 3096 μὴ
1042 3027 1073 3081 δι’
1095 3027 1199 3100 ὀλίγους
1221 3029 1344 3100 ἄφρονας.
1366 3026 1432 3105 Ign.

887 3189 1041 3260 Ἀφυιτνυῦν,
1103 3194 1192 3263 μικρὸν
1223 3192 1432 3264 ἀφνπνείσαντες.

928 3269 1014 3327 Man.
1030 3270 1093 3345 Igu.
1111 3286 1136 3343 7.

885 3352 987 3424 Ἀχλύς.
1030 3357 1070 3408 καὶ
1090 3352 1204 3423 τοιαύτης
1224 3351 1321 3426 ἀχλύος
1339 3354 1431 3426 γε’μαν-

926 3458 973 3491 τες.
997 3432 1085 3491 Clem.
1103 3434 1136 3490 II
1154 3454 1180 3491 1.

880 3515 1001 3586 Ἀχολος.
1022 3518 1115 3588 Τδγάρ
1124 3522 1187 3584 ζῶον
1245 3518 1430 3589 ἀχολύνίστιν.

927 3595 1015 3653 Olem.
1032 3596 1056 3652 F
1057 3617 1145 3673 ragm.
1156 3597 1215 3655 viii.

879 3677 1013 3749 Ἀχρανος.
1038 3681 1169 3749 προσδόκα
1179 3683 1224 3735 τὸν
1232 3681 1350 3752 ι’ίχρονον.
1366 3677 1431 3756 Ign.

927 3758 1020 3835 Polyc.
1038 3778 1063 3832 3.

885 3840 1050 3913 Ἀχίιριατος.
1086 3841 1160 3896 ούσιν
1181 3844 1336 3913 ἀχαρίστως
1356 3847 1431 3898 Θεοῦ.

928 3920 991 3997 lgn.
1006 3920 1091 3977 ΤιειΙΙ.
1109 3937 1134 3994 7.

888 4003 1022 4075 Ἀψευδίης.
1066 4007 1096 4058 τὸ
1117 4006 1229 4075 ἀψευδὲς
1253 4007 1345 4073 στόμα.
1368 4004 1432 4080 Ign.

929 4083 1011 4140 Rom.
1027 4089 1054 4141 8.
1096 4087 1238 4157 ὁάφιυδὴς
1258 4089 1299 4141 καὶ
1318 4087 1436 4155 ἀληθινὸς

929 4170 999 4223 θεός.
1023 4165 1107 4224 Mart.
1126 4166 1220 4243 Polyc.
1241 4185 1283 4237 ιη.

888 4247 1082 4319 Ἀφηλάφητοε.
1114 4251 1244 4319 προσδόκα
1306 4252 1351 4304 τόν
1363 4250 1435 4321 ἀψη-

928 4332 1051 4400 λάφητον.
1068 4328 1131 4404 Igu.
1149 4329 1244 4405 Polyc.
1261 4349 1286 4403 3.
1350 4344 1354 4355 “

891 4411 1008 4479 Βαδίζειν.
1051 4412 1158 4466 ἕκαστον
1178 4413 1290 4480 βαδίζειν
1306 4415 1368 4467 κατὰ
1393 4416 1438 4470 τὰς

930 4493 1060 4560 ἐπιθυμίας
1073 4495 1157 4548 αὐτοῦ.
1176 4491 1266 4550 Clem.
1283 4491 1299 4548 I
1315 4512 1340 4566 3.
1384 4495 1438 4550 κατ’

928 4572 998 4644 ίχνος
1018 4576 1129 4641 βαδίζειν
1148 4575 1245 4630 ε’θίλων
1260 4579 1307 4630 τοῦ
1327 4576 1439 4631 ἀποστό-

928 4659 983 4710 λου.
1007 4653 1093 4712 Mart.
1110 4655 1175 4731 Ign.
1192 4671 1218 4727 5.

890 4736 977 4792 Βάθος.
1020 4740 1051 4790 τὰ
1069 4739 1137 4806 βάθη
1157 4741 1201 4807 τῆς
1222 4739 1291 4796 θείας
1310 4743 1436 4811 γνίνσεως.

931 4815 1019 4874 Olem.
1037 4817 1114 4887 140.

892 4898 981 4955 Βαθύς.
1036 4900 1119 4972 είρίηνη
1146 4900 1236 4965 βαθεῖα
1264 4905 1304 4957 καί
1332 4906 1434 4975 λιπαρά

930 4978 1018 5037 Clem.
1036 4979 1050 5035 I
1068 4998 1092 5036 α.

342 5067 429 5134 βοράν.
455 5062 518 5135 Igu.
535 5061 619 5118 Rom.
637 5084 663 5132 4.
701 5063 801 5134 Ἀφετί
817 5086 849 5131 με
891 5064 1031 5116 Βαλανείαν.
1063 5065 1091 5116 εἰς
1104 5086 1132 5116 τε
1146 5069 1196 5117 τῶν
1209 5065 1383 5135 ἐργαστηρίων
1396 5067 1436 5119 καί

344 5146 451 5214 καθαρὸν
477 5148 534 5214 φῶς
557 5148 654 5208 λαβεῖν.
685 5145 710 5200 6.
764 5148 850 5199 Πᾶσιν
929 5141 1076 5207 βαλανείων.
1100 5143 1185 5201 Mart.
1202 5143 1295 5219 polyc.
1316 5162 1359 5218 13.

344 5225 389 5279 οὖν
414 5229 579 5292 μετανοοῦσιν
602 5227 673 5296 ἀφίει
702 5230 716 5278 ὁ
749 5226 846 5297 Κύριος.

347 5305 453 5362 ίῚιίίιιεί.
482 5308 507 5360 8.
552 5307 582 5360 Εί
609 5306 652 5361 οὖν
677 5308 783 5377 δεόμεθα
804 5312 849 5361 τοῦ

890 5227 1003 5280 Βιίλλειν,
1036 5227 1129 5289 ἔβαλεν
1143 5228 1177 5283 είς
1190 5228 1235 5295 τὴν
1247 5229 1302 5298 γῆν,
1316 5228 1356 5280 καί
1368 5229 1435 5296 βλη-

930 5306 1021 5360 θέντων
1035 5309 1195 5378 σπερμάτων.
1217 5305 1306 5364 Clem.
1323 5305 1338 5362 I
1356 5326 1400 5379 24.
