3250 6617
332 1700 384 1803 J.
405 1699 466 1803 B.
487 1698 853 1799 OOTELERII
895 1704 929 1799 J
936 1703 1240 1802 UDIOIUM

763 1984 805 2027 DE

268 2207 592 2285 POSTERIORE
634 2209 884 2286 EPISTOLA
931 2211 966 2286 S.
998 2209 1302 2286 CLEMENTIS.

266 2520 450 2619 Exsrnn
478 2553 517 2618 ue
538 2554 598 2619 hm
621 2555 762 2641 epaon
786 2557 941 2643 judicium
970 2557 1079 2641 magn
1103 2556 1213 2623 ostiu
1236 2555 1302 2619 nu.

266 2664 354 2745 sebii,
377 2666 464 2731 Hist.
487 2667 604 2733 Eccles.
622 2668 656 2732 iii
679 2668 732 2755 38,
752 2669 837 2734 hisee
858 2670 961 2734 verbis
982 2692 1180 2755 expressum,
1203 2667 1302 2733 ἰστέον

266 2776 291 2843 δ’
302 2779 341 2847 ὃς
356 2780 404 2843 rol
418 2779 539 2862 δευτέρα
552 2806 595 2847 τις
609 2780 685 2846 εἶναι
699 2780 820 2864 λέγεται
833 2788 885 2846 τοῦ
897 2782 1068 2862 Κλήμεντος
1077 2778 1251 2860 Ἐπιστολή·
1268 2779 1303 2843 οὗ

265 2889 324 2970 μήν
344 2890 385 2954 ld'
407 2892 514 2971 ὁμοίως
534 2892 570 2971 τῇ
592 2892 717 2979 προτέρη
741 2892 791 2958 καὶ
811 2896 920 2973 ταύτην
941 2895 1087 2977 γνόριμον
1108 2891 1301 2971 ἐπιστάμεθα,

265 3000 310 3063 ὅτι
327 3002 401 3080 μηδὲ
421 3002 487 3068 τοὺς
503 3002 643 3085 ἀρχαίους
661 3003 732 3090 αὐτῇ
748 3003 942 3088 κεχρημένους
956 3008 1052 3085 ἴσμεν.
1097 3002 1185 3068 Quae
1199 3024 1219 3066 a
1233 3002 1301 3065 Ru-

264 3106 339 3187 lino,
353 3107 403 3172 uti
423 3108 513 3187 solet,
527 3108 728 3194 indiligenter
747 3112 923 3177 redduntur
939 3113 1001 3177 sio:
1024 3111 1181 3176 “Dicitur
1194 3116 1301 3174 tamen

265 3224 288 3256 “
301 3240 368 3284 ease
388 3224 422 3283 et
443 3219 504 3284 alia
521 3218 694 3286 Clementis
716 3222 869 3307 Epistola,
888 3224 975 3309 eujus
996 3246 1054 3286 nos
1073 3222 1221 3286 notitiam
1238 3244 1303 3284 non

265 3336 287 3368 “
300 3329 507 3415 aooepimus.”
549 3332 619 3397 Neo
633 3332 735 3418 magis
749 3340 893 3399 aoourate
908 3334 1132 3419 Hieronymus,
1148 3333 1244 3397 Libro
1262 3331 1301 3396 de

265 3438 351 3505 Viris
372 3440 573 3508 Illustribus:
596 3444 742 3508 “Fertur
760 3450 793 3509 et
807 3444 943 3509 secunda
961 3467 1027 3508 esse
1041 3465 1080 3507 ex
1094 3445 1160 3528 ejus
1174 3443 1301 3507 nomine

265 3560 287 3592 “
300 3551 454 3637 Epistola,
468 3576 548 3639 quae
568 3576 589 3618 a
606 3554 773 3619 Veteribus
795 3555 1011 3640 reprobatur.''
1061 3556 1094 3640 [ή
1115 3556 1164 3631 16,
1185 3561 1262 3618 tom.
1279 3554 1301 3618 ii

263 3686 294 3749 p.
311 3662 374 3751 843
395 3664 444 3729 ed.
459 3664 609 3751 Vallum]
666 3666 711 3729 Et
732 3664 875 3743 Photius,
899 3666 1109 3746 Μυριοβέβλου
1131 3663 1209 3728 cod.
1228 3663 1301 3741 oxii,

263 3774 348 3853 exiii,
362 3776 381 3857 ἡ
395 3778 428 3840 δέ
442 3775 588 3859 λεγομένη
602 3776 723 3857 δευτέρα
736 3775 809 3858 πρὸς
824 3776 890 3843 τοὺς
907 3776 1011 3843 αὐτοὺς
1033 3777 1070 3843 ὦς
1093 3778 1179 3843 νόθος
1196 3776 1303 3839 ἀποδο-

263 3886 418 3967 κνμέζεται.
455 3888 568 3972 Neque
579 3886 662 3951 enim
676 3886 754 3951 dicit
768 3886 933 3964 Eusebius,
949 3887 1116 3951 secundnm
1130 3885 1302 3950 Clementis

263 3996 439 4083 Epistolnm
467 4000 631 4065 “notham
658 4022 734 4078 esse,
758 4006 791 4064 et
814 4000 854 4063 ab
882 3997 1032 4083 Antiquis
1061 3998 1255 4083 reprobatam
1268 3997 1302 4074 ;''

263 4106 341 4204 dicit
354 4110 548 4176 solummodo
563 4120 585 4151 “
593 4111 771 4196 ignoratam
785 4112 892 4190 fuisse,
906 4112 941 4175 in
955 4111 1157 4175 citationibus
1171 4132 1191 4174 a
1205 4110 1300 4173 Vete-

264 4220 385 4286 “ribus
401 4222 662 4307 praetermissam,
676 4222 711 4286 in
732 4222 864 4287 dubium
881 4229 1026 4286 vocatam
1036 4223 1067 4285 :’'
1089 4220 1171 4284 unde
1192 4219 1300 4284 eodem

263 4328 323 4394 loci
345 4336 380 4395 et
400 4330 476 4397 alibi
498 4333 633 4418 priorem
656 4339 818 4419 nuncupat
839 4334 1091 4417 ὁμολογουμένην,
1110 4335 1300 4414 ἆυομολογη·

262 4443 356 4525 μένην
382 4448 463 4527 παρὰ
488 4450 589 4512 πᾶσιν.
633 4446 747 4532 Itaque
775 4445 890 4511 rectius
915 4445 949 4509 in
978 4444 1166 4529 Nicephoro,
1189 4441 1225 4506 iii
1254 4444 1303 4524 18,

263 4552 396 4618 babetur
403 4579 413 4633 3
437 4556 485 4620 καὶ
504 4556 582 4635 ἃλλη
604 4558 637 4621 δὲ
659 4557 748 4621 αὐτοῦ
768 4555 891 4639 φέρεται
904 4553 1078 4634 Ἐπιστολή,
1094 4559 1144 4634 τῆς
1158 4554 1302 4636 προτέρας

264 4668 336 4731 κατὰ
349 4666 428 4732 πολὺ
442 4666 615 4733 ἀποδέουσα·
638 4669 705 4750 περὶ
726 4668 760 4749 ής
782 4671 799 4732 ὁ
820 4669 905 4735 αὐτός
926 4676 1020 4750 φησιν
1035 4666 1194 4747 Εὐσέβιος,
1210 4666 1251 4747 μή
1271 4669 1304 4732 έν

263 4775 407 4865 ἐπιστήμη
424 4779 529 4859 ταύτης
550 4779 617 4847 τοὺς
640 4780 779 4864 ἂρχαίους
800 4778 887 4843 εἶναι.
932 4777 1093 4841 Maximus
1115 4776 1149 4839 in
1167 4776 1301 4861 Prologo

262 4885 302 4952 ad
316 4886 462 4973 Dionysii
472 4888 586 4973 Opera,
601 4910 699 4974 agens
712 4889 751 4954 de
762 4889 908 4967 Eusebio,
921 4890 968 4953 καὶ
981 4889 1039 4969 μὴν
1050 4890 1116 4953 οὔτε
1132 4889 1302 4952 Πανταένου

261 4998 329 5067 τοὺς
341 5000 449 5067 πόνους
464 5000 646 5083 ἀνέγραψεν,
661 5002 730 5066 οὔτε
744 4999 950 5081 τοῦῬωμαίον
967 4998 1147 5080 Κλήμεντος,
1156 4999 1236 5079 πλὴν
1251 5002 1302 5064 δύο

263 5108 311 5174 καὶ
330 5112 430 5191 μόνον
443 5108 640 5177 Ἐπιστολῶν.
684 5112 728 5176 llt
742 5134 816 5176 vero
834 5110 1096 5195 quemadmodum
1112 5109 1302 5175 Caesariensi

905 5223 986 5290 rf2
