3250 6617
377 1064 419 1131 70
743 1063 775 1124 S.
799 1061 1057 1126 CLEMENTIS

379 1251 400 1286 u
479 1235 487 1261 Ι
637 1239 645 1262 t
695 1245 722 1280 Α.
813 1238 825 1265 N
909 1235 919 1263 Ι
1088 1234 1098 1260 Ι
1353 1237 1361 1261 Ι

419 1272 571 1336 στοματι
604 1271 712 1318 ανιον
768 1271 827 1315 και
860 1242 992 1340 Κνριος
1027 1243 1198 1331 βουλεπαι
1230 1242 1426 1340 καθαρισαι

379 1378 401 1415 “
418 1364 526 1446 αι’πδν
560 1368 624 1465 τῆς
658 1369 815 1465 πληγῆς.
873 1362 963 1444 Ἐὰν
998 1368 1087 1445 δῶτε
1119 1366 1197 1469 περὶ
1233 1366 1422 1467 ἁμαρτιας,

378 1506 399 1542 a
429 1495 437 1518 ε
560 1493 570 1518 x
619 1495 629 1518 ι
669 1499 684 1515 a
744 1492 761 1522 ν
967 1491 978 1520 ν
1186 1491 1195 1516 ι
1411 1498 1423 1525 ς

418 1529 440 1593 η
472 1499 575 1601 ψνχη
611 1528 709 1593 νμιον
738 1498 866 1599 oderat
901 1527 1046 1596 οπερμοι
1080 1500 1287 1596 μακροβιον.
1350 1499 1424 1574 Και

378 1634 400 1670 “
421 1621 552 1726 Κύριος
568 1621 736 1716 βούλεται
754 1625 900 1729 ἀφελεῖν
918 1619 990 1701 ἀπὸ
1007 1629 1071 1701 ποῦ
1089 1621 1201 1702 πόνου
1217 1625 1281 1721 τῆς
1298 1626 1424 1729 ψυχῆς

378 1762 399 1800 “
417 1754 537 1845 αὐτοῦ,
568 1748 678 1854 δεῖξαι
703 1752 798 1857 αὐτῷ
824 1756 912 1854 φῶς,
940 1753 998 1830 καὶ
1024 1747 1167 1831 πλάσαι
1194 1753 1240 1857 τῇ
1267 1751 1454 1859 συνέσει,5

378 1892 400 1927 “
418 1884 603 1960 δικαιῶσαι
631 1879 764 1958 δίκαιον
787 1879 825 1956 εὖ
850 1877 1063 1958 δουλεύοντα
1089 1884 1253 1976 πολλοῖς,
1272 1881 1330 1959 καὶ
1357 1878 1423 1965 τὰς

377 2020 400 2057 “
417 2009 590 2112 ἁμαρτίας
616 2009 732 2086 αὐτῶν
748 2004 854 2090 αὐτὸς
879 2006 1022 2085 ἀνοίσει,
1083 2005 1156 2087 Aoi
1182 2015 1288 2086 τοῶνο
1315 2004 1422 2091 αὐτὸς

377 2149 399 2184 “
417 2133 678 2238 κληρονομήσει
710 2132 886 2227 πολλούς,
921 2135 979 2212 καὶ
1014 2142 1086 2214 τῶν
1120 2140 1279 2241 ἰσχυρῶν
1314 2141 1426 2237 μεριεῖ

377 2278 398 2314 “
416 2274 548 2346 σκῦλα·
599 2265 673 2342 ἀνθ
702 2259 753 2342 ὧν
784 2259 961 2366 παρεδόθη
995 2268 1042 2348 εἰς
1077 2261 1230 2344 θάνατον
1258 2264 1282 2364 ἡ
1316 2262 1421 2371 ψυχὴ

373 2482 423 2551 tyr
441 2470 537 2614 ἓΑροΙ.
552 2471 562 2528 i
578 2467 629 2551 51]
648 2473 705 2526 οὐδὲ
727 2472 815 2542 εὖρέῶι
836 2472 877 2525 δό-
919 2472 1069 2547 ‘posuerit
1088 2492 1142 2549 pro
1162 2479 1278 2549 peoooto
1295 2473 1421 2531 onimnm

373 2555 440 2635 λοι(
464 2554 606 2630 ‚Cyrillus
619 2555 677 2609 οὐδὲ
691 2555 766 2610 δόλος
776 2550 876 2628 εὑρέθη)
919 2560 1021 2610 ‘suom
1036 2554 1084 2612 ille
1097 2574 1184 2631 quem
1197 2554 1340 2613 Dominus
1353 2575 1420 2614 oon·

374 2640 451 2714 ἐντῷ
464 2641 573 2707 στόματι
586 2639 669 2692 αὐτοῦ.
711 2632 877 2691 lectionem
919 2636 1033 2693 ‘terere
1056 2636 1157 2708 voluit,
1184 2636 1244 2695 sive
1272 2637 1420 2702 mundare,

374 2717 584 2778 Clementinom
597 2716 748 2774 confirmat
757 2715 818 2790 ipse
827 2714 877 2772 Pe·
920 2716 1051 2776 ‘videbit
1092 2738 1190 2776 semen
1238 2718 1420 2795 longaevum.

374 2808 437 2858 trus
451 2798 616 2876 Apostolus,
633 2798 710 2874 opud
730 2815 817 2873 quem
837 2795 877 2853 le·
912 2800 927 2861 ἐ
941 2799 1019 2875 quod
1031 2799 1182 2859 seminavit
1195 2799 1226 2857 in
1245 2800 1322 2857 bons
1334 2807 1419 2859 terro

374 2881 470 2959 gimus
489 2878 554 2961 [Ep.
571 2881 594 2938 Ι,
611 2879 630 2936 ii
647 2880 698 2953 πο]
715 2878 743 2936 tc
756 2881 879 2951 ἁμαρτίαν
919 2879 1033 2939 ‘Juxta
1057 2881 1137 2939 LXX
1162 2880 1216 2940 hoc
1243 2880 1372 2940 dicitur:
1395 2881 1421 2940 0

374 2965 420 3019 οὐκ
440 2967 568 3033 ἐποίησεν,
583 2963 641 3017 οὐδὲ
660 2962 748 3033 εὑρέθη
762 2962 838 3016 δόλος
851 2962 878 3014 ἐν
919 2965 999 3027 ινον,
1018 2972 1137 3040 propter
1159 2982 1282 3040 quorum
1305 2970 1423 3040 ρθωαὶα

373 3047 622 3121 τῷοτόμοτιούτοῦ.
646 3042 795 3100 Hebraeus
803 3040 876 3098 Tex-
919 3042 1016 3102 ‘filius
1030 3045 1085 3104 Dei
1105 3051 1149 3103 est
1164 3045 1268 3104 duetus
1288 3044 1325 3102 sd
1346 3064 1423 3103 mor-

373 3133 421 3184 tus
449 3125 543 3190 habet,
571 3145 601 3182 οο
628 3124 706 3199 qood
732 3121 878 3198 injuriam
918 3127 1065 3185 ‘tem-si
1081 3126 1228 3187 volueritis
1248 3146 1334 3204 ogere
1353 3146 1421 3203 poe·

373 3228 435 3265 νιοπ
449 3206 531 3283 feeit,
546 3226 636 3281 oeque
652 3204 720 3280 sitit
740 3205 823 3263 dolos
843 3204 877 3260 io
918 3207 1101 3275 ‘nitentium
1117 3216 1146 3268 et
1166 3228 1219 3286 pro
1235 3207 1362 3285 peccetis
1375 3229 1422 3267 ve

374 3308 421 3348 oro
434 3289 502 3365 ejus
538 3286 653 3363 Vulgot.
669 3288 716 3345 Eo
729 3286 807 3361 qood
818 3286 876 3343 ini·
917 3289 1007 3348 ‘stris
1033 3289 1134 3349 offerre
1162 3289 1332 3349 sooiifioium
1359 3290 1420 3368 pls·

374 3371 512 3446 quitatem
524 3390 585 3427 ooo
595 3368 707 3443 fecerit,
721 3388 810 3443 νιοραο
820 3368 875 3441 fis·
917 3380 1005 3428 ‘oens
1026 3372 1239 3432 Deo-videbit
1257 3371 1353 3429 animo
1370 3392 1419 3430 ve·

374 3452 428 3509 erit
442 3452 526 3510 dolus
539 3452 573 3508 io
587 3472 633 3509 οπο
647 3451 714 3527 ejoo.
758 3450 786 3508 S.
804 3449 875 3506 Hie·
917 3457 999 3510 ‘stro
1031 3473 1128 3513 semen
1161 3453 1240 3531 longi
1269 3454 1419 3530 temporis.

374 3554 434 3592 ron.
466 3534 626 3592 Comment.
662 3551 748 3609 super
782 3531 876 3588 locum
917 3533 1033 3610 ‘ipsum
1049 3535 1206 3594 Dominum
1223 3534 1420 3594 Salvatorenn’

374 3615 443 3673 hoec
470 3615 575 3686 habet;
606 3615 689 3672 ‘Iste
716 3634 768 3690 pro
795 3613 876 3690 eujus
916 3615 1037 3674 WOTT.

374 3697 543 3775 ‘sepultura
555 3717 588 3755 so
602 3703 695 3754 morte
709 3696 789 3772 impii
804 3695 876 3752 divi-
960 3716 984 3755 2.
1001 3703 1045 3768 τῆς
1064 3693 1175 3777 πληγῆς]
1200 3697 1248 3757 Ito
1267 3718 1333 3757 oum
1348 3697 1418 3757 cod

375 3788 496 3855 ‘tesque
518 3788 585 3837 sunt
607 3777 716 3843 traditi,
738 3776 874 3854 iniquite-
917 3778 1002 3838 Msto
1024 3779 1096 3838 Mill.
1115 3781 1204 3838 Wott
1227 3779 1301 3839 Gali
1325 3779 1418 3839 Hefel.

375 3869 455 3919 ‘tem
470 3881 526 3919 non
541 3861 616 3924 feeit.
631 3879 722 3936 neque
735 3858 818 3916 dolus
832 3866 877 3917 est
916 3868 946 3919 et
960 3860 1127 3921 Dresselius.
1161 3861 1273 3920 coeteri
1287 3882 1353 3920 oum
1367 3862 1420 3920 Ju-

374 3941 427 3999 ‘in
441 3962 489 4000 oro
507 3941 587 4017 ejus!
607 3941 728 3999 WOTT.
776 3939 876 3998 Lectio
917 3941 965 4000 nio
989 3949 1045 4002 mir
1064 3949 1180 4017 πληγαῖς.
1223 3943 1303 4002 MSti
1321 3943 1419 4003 lectio·

374 4023 423 4080 illo
444 4043 529 4100 quom
548 4044 564 4082 e
587 4023 615 4082 S.
635 4022 743 4099 Cyrillo
765 4022 875 4098 profert
915 4043 981 4081 nem
1002 4025 1139 4084 exhibent
1154 4025 1234 4082 LXX
1249 4025 1319 4084 Cod
1334 4025 1417 4084 Alex

373 4104 527 4164 Wottonus
548 4125 606 4162 non
627 4110 721 4163 exstat
737 4102 767 4160 in
788 4103 873 4162 Com·
915 4107 966 4161 ἀπὸ
993 4111 1037 4176 τῆς
1062 4111 1170 4181 πληγῆς,
1195 4107 1289 4166 etsie
1313 4107 1420 4185 legitur

373 4194 460 4245 ment.
476 4187 507 4244 in
525 4186 639 4245 Esaiam
656 4186 704 4243 lib.
720 4184 756 4256 V,
770 4192 840 4243 tom.
856 4185 875 4251 i,
915 4186 963 4244 hio
975 4187 1053 4246 loeus
1067 4187 1226 4265 Prophetae
1239 4188 1418 4266 spndJusti.

374 4267 487 4345 Oppii
503 4288 530 4345 p.
545 4283 602 4343 749
618 4267 660 4326 ed
677 4266 794 4326 Aubert.
818 4267 875 4324 Lu·
916 4288 986 4326 num
1001 4269 1040 4327 M.
1056 4269 1130 4327 Diol.
1146 4289 1170 4328 ο.
1185 4269 1330 4348 Tryphon.
1343 4271 1358 4347 §
1373 4289 1416 4345 ¹3·

372 4351 527 4424 tet1638.
916 4349 1087 4428 Herzogius‚
1101 4350 1421 4412 Iknwolltederllm

418 4450 440 4489 1.
467 4436 507 4488 καὶ
532 4433 623 4502 Κύριος
648 4431 771 4497 βούλεται
797 4431 874 4486 καθα·
914 4433 1093 4491 wonleidm
1105 4433 1233 4510 befrst'en.

371 4515 444 4586 ρίσοι
464 4537 485 4570 κ.
501 4510 581 4593 on]
608 4512 682 4570 Heb.
703 4519 733 4571 et
749 4510 812 4587 Syr.
834 4512 876 4569 Ei
956 4511 1418 4595 ib.’stvtorc]1toOod.MStns‚

372 4595 518 4652 Dominus
537 4596 599 4653 oud
617 4594 788 4652 οοαιαπᾱινο
801 4613 875 4666 eom,
915 4614 973 4653 non
995 4599 1079 4668 θᾶσαι,
1104 4617 1191 4673 quom
1217 4597 1379 4663 lectionem,
1401 4617 1419 4655 o

363 4675 437 4750 feeit
465 4696 530 4734 eum
558 4685 708 4751 οιρπονιοο.
756 4675 872 4752 vulgat.
915 4676 1054 4736 Wottono
1074 4676 1105 4735 in
1125 4686 1263 4737 contextu
1281 4679 1419 4746 dome

371 4757 413 4814 Et
441 4759 531 4816 voluit
558 4759 704 4815 Dominus
737 4767 875 4817 conterere
913 4758 1031 4818 «Iustino
1045 4760 1084 4817 M.
1100 4760 1228 4819 defendit
1241 4759 1416 4818 Gollandins

371 4857 437 4895 οαπι
450 4839 485 4897 in
497 4838 671 4916 infirmitate.
704 4839 765 4915 Syn.
781 4839 874 4898 versio
915 4840 1019 4900 Editor
1038 4850 1135 4900 nutem
1156 4840 1217 4920 ipse
1237 4841 1419 4918 Centobrigi-

371 4938 437 4976 oum
463 4920 596 4979 Hebraeo
617 4929 700 4980 textu
722 4921 872 4981 consentit
914 4923 990 4982 ensis
1016 4922 1164 4982 existimat
1197 4923 1354 4990 librarium.
1383 4931 1418 4982 nt

372 4998 401 5057 S.
417 5001 620 5078 Hieronymus,
641 5003 801 5062 Coniment.
826 5023 874 5062 su·
913 5005 983 5063 olibi
995 5005 1166 5083 saepissime,
1180 5004 1234 5063 hoo
1254 5025 1369 5082 quoque
1387 5005 1416 5063 in

370 5100 422 5157 per
442 5082 545 5153 locum,
566 5083 634 5142 haee
655 5085 748 5148 habet,
764 5086 873 5144 ‘Juxta
912 5086 975 5145 looo
998 5087 1143 5164 scripsisse
1170 5096 1204 5142 ΑΙ
1231 5105 1285 5164 pro
1312 5098 1333 5143 Ε
1345 5107 1353 5159 ;
1386 5096 1416 5146 et

373 5183 379 5203 ¹
396 5162 578 5222 Hebrsiouni'
590 5165 636 5223 hio
651 5186 750 5225 sensus
763 5176 826 5227 est:
847 5167 872 5225 si
913 5168 984 5226 Cod
1000 5167 1083 5229 Alex.
1101 5188 1119 5226 s
1139 5167 1292 5227 Gsllondio
1311 5169 1416 5247 allego-
