3250 6617
645 1163 933 1228 FRAGMENTA.
1000 1198 1002 1201 ·
1245 1166 1311 1233 267

269 1338 436 1415 ultionum,
457 1360 523 1421 cap.
549 1358 600 1419 24,
617 1362 647 1422 p.
673 1355 745 1424 347.
775 1340 819 1423 [p.
838 1340 901 1424 498
924 1345 1001 1403 tom.
1023 1339 1033 1401 i
1056 1338 1167 1403 Clerici
1189 1340 1237 1402 ed.
1260 1364 1308 1403 se·

267 1440 412 1525 eundae]
459 1442 535 1505 Non
555 1441 656 1504 arisim
678 1463 811 1505 asserere
833 1464 871 1505 ex
889 1442 996 1505 eodem
1016 1463 1106 1526 opere
1128 1448 1307 1525 excerptum

267 1561 307 1605 ex
328 1565 389 1626 quo
412 1543 547 1607 Basilius
569 1544 709 1627 superius
731 1544 946 1629 fragmentum
968 1544 1140 1628 exscripsit.
1185 1545 1309 1628 Nempe

267 1669 365 1729 quum
384 1645 492 1710 Basilii
515 1647 654 1725 consilio,
675 1670 738 1711 non
760 1671 847 1713 secus
868 1654 962 1733 atque
979 1648 1174 1732 praecedens,
1196 1671 1308 1733 oppor-

235 1742 259 1822 5v
268 1755 382 1812 tunum
396 1749 691 1833 accommodumque
705 1757 797 1828 esset,
812 1751 970 1834 probabile
984 1758 1033 1814 est
1045 1750 1196 1814 Basilium
1208 1774 1308 1835 neque

266 1851 344 1915 illud
359 1852 546 1916 omissurum
560 1851 665 1930 fuisse,
680 1853 707 1915 si
726 1852 843 1917 ibidem
857 1852 1037 1917 exstitisset.
1061 1853 1306 1918 COUSTAN'P.

482 2287 551 2361 IX.
1023 2287 1091 2361 IX.

328 2427 408 2508 Ἵνα
459 2433 516 2508 καὶ
568 2427 760 2531 γενώμεθα,
857 2429 916 2503 Ut
941 2428 1143 2503 existamus
1162 2457 1227 2529 per
1244 2459 1306 2504 vo-

264 2568 503 2667 βονληθέντος
539 2570 661 2666 αὑτοῦ,
701 2572 763 2650 οὐκ
805 2551 987 2626 lunlalem
1017 2551 1096 2651 ejus
1124 2553 1190 2652 qui
1214 2555 1305 2628 nulli

806 2704 950 2752 eramus
980 2688 1068 2753 ante
1101 2707 1212 2778 quam
1245 2681 1305 2756 ille

215 2742 251 2782 10
264 2705 361 2790 ὄντες
391 2707 476 2809 πρὶν
502 2706 676 2805 γενέσθαι,
706 2709 763 2785 καὶ

805 2829 872 2877 nos
905 2803 1069 2878 faceret:
1112 2814 1224 2904 atque
1261 2825 1306 2880 ut

264 2838 441 2942 γενόμενοι
500 2841 764 2940 ἀπολαύσωμεν
855 2929 863 2945 ι

263 2983 335 3056 τῶν
363 2977 405 3057 δι’
433 2978 526 3077 ἡμᾶς
551 2979 759 3080 γενομένων.
806 2938 1007 3070 Θξωωῃιθε
1040 2929 1206 3004 summm
1243 2932 1306 3005 b0·

264 3113 335 3193 Διᾶ
364 3113 467 3195 τοῦτό
494 3119 602 3215 ἐσμεν
619 3115 759 3220 ἅνθρω-
805 3064 1041 3200 ΜΒᾞΓΟΡἪ
1061 3083 1135 3202 ,ΗΘΒ
1163 3068 1304 3133 osfflllfl·

806 3182 945 3259 Idcirco
975 3185 1138 3260 hommes
1166 3214 1304 3274 sumus,

307 3388 319 3417 κ
393 3385 402 3411 ,
605 3388 614 3413 ,
686 3390 695 3414 ‚
743 3397 759 3413 .
804 3318 844 3382 et
860 3312 995 3386 mentis
1019 3323 1132 3412 atque
1151 3314 1304 3387 rationis

214 3415 248 3473 ¹⁵
263 3420 320 3466 και
357 3397 483 3487 λογον’
531 3423 605 3491 παρ
653 3423 760 3468 “⁹⁷⁰⁰
801 3433 976 3509 beneficio
1012 3436 1175 3535 ejusdem
1209 3464 1304 3512 com.

262 3521 446 3616 Mffill‘5·
801 3565 917 3654 potes.

262 3284 334 3348 ποι,
357 3255 414 3331 καὶ
442 3251 620 3359 φρόνησιν
637 3252 762 3359 ἔχομεν

306 3879 377 3943 Hoc
392 3879 618 3962 Fragmentum
632 3901 670 3943 ex
685 3880 829 3964 Epistola
842 3903 925 3945 nona
940 3881 973 3944 S.
984 3880 1155 3946 Clementis
1167 3881 1302 3947 Romani

260 3984 377 4048 citatur
401 4006 421 4047 a
438 3982 584 4060 Leontio,
606 3988 639 4047 et
663 3984 818 4063 Johanne,
840 4007 972 4070 quorum
995 3985 1113 4050 Rerum
1136 3985 1301 4051 Sacrarum

261 4086 372 4151 Libros
401 4086 479 4150 duos
507 4084 606 4150 edidit
629 4085 772 4170 Angelus
795 4086 902 4152 Maius
931 4089 964 4151 in
992 4088 1186 4172 Scriptorum
1209 4090 1300 4155 Vett.

209 4204 246 4242 20
260 4191 353 4253 Nova
374 4189 574 4267 collectione,
596 4194 674 4253 tom.
690 4189 735 4253 vii
756 4213 787 4274 p.
808 4191 859 4273 84.
905 4191 996 4255 Conf.
1018 4192 1127 4255 tomi
1149 4216 1179 4275 p.
1197 4193 1237 4274 76
1259 4194 1299 4257 ad

259 4293 383 4357 calcem
428 4293 543 4356 Exstat
571 4315 657 4355 num.
682 4309 703 4376 5
724 4292 787 4357 'l'it
816 4314 830 4357 1
865 4293 914 4358 De
944 4293 1093 4357 Hominis
1122 4294 1299 4360 creatione.

260 4396 323 4460 Hic
345 4395 431 4460 locus
454 4395 488 4458 in
511 4393 625 4459 Codice
643 4395 797 4461 Vaticano
819 4396 1018 4481 subsequitur
1040 4404 1135 4481 caput
1158 4418 1200 4483 30
1221 4399 1299 4482 Epi-

257 4500 355 4563 stolae
383 4498 505 4582 prioris.
563 4497 646 4561 Vide
674 4521 768 4582 supra
795 4522 827 4583 p.
856 4519 916 4565 120
949 4498 971 4563 l.
997 4500 1016 4563 8
1042 4507 1076 4564 et
1103 4499 1148 4565 ibi
1177 4505 1296 4565 notata.

257 4602 365 4666 Maius
394 4601 540 4686 opinatur
568 4623 640 4665 eum
668 4600 763 4667 fuisse
793 4602 972 4666 desumtum
1002 4625 1040 4667 ex
1063 4603 1126 4666 illis
1147 4603 1298 4687 Epistolis

206 4716 242 4774 25
256 4706 291 4769 in
314 4704 427 4790 quibus
454 4704 678 4789 Hieronymus,
702 4704 772 4768 adv.
801 4704 1005 4769 Jorinianum
1030 4705 1041 4768 i
1070 4696 1089 4790 b
1116 4725 1166 4784 12,
1190 4705 1299 4770 laudes

256 4808 462 4893 virginitatis
484 4806 620 4891 legebat,
635 4808 811 4892 ampliores,
833 4814 870 4872 ut
892 4807 1027 4887 videtur,
1046 4831 1140 4894 quam
1162 4831 1248 4892 quae¹
1262 4808 1295 4871 in

256 4910 377 4975 duabus
407 4911 469 4975 illis
505 4910 614 4993 lingua
644 4910 772 4993 Syriaca
799 4911 982 4995 conscriptis
1011 4916 1188 4989 occurrunt,
1217 4934 1296 4996 quas

255 5013 354 5077 edidit
375 5013 580 5078 Wetstenius.
