3250 6617
543 1069 689 1133 INDEX
718 1069 992 1134 EDITIONUM.
1202 1071 1290 1134 lxxiii

335 1249 356 1279 “
371 1241 540 1324 Philipper.
587 1243 653 1305 Ans
683 1243 753 1305 dem
782 1243 1005 1306 Grieelriscben
1038 1242 1193 1305 iibcrsetzt
1225 1243 1287 1306 und
1302 1257 1456 1307 clamRom.

334 1345 430 1406 “mit
452 1344 513 1407 den
534 1344 690 1427 niitbigen
706 1345 956 1428 Aumerknngen
979 1346 1138 1409 versehen.
1184 1345 1289 1408 Nebst

334 1454 355 1482 “
371 1445 432 1510 den
447 1446 837 1530 Lebensbeschreibnngen
853 1448 960 1510 beider
975 1447 1159 1526 Heiligen.’'

543 1638 771 1696 VERSIONES
791 1639 990 1697 ITALIOAE.

251 1742 343 1828 1798,
365 1742 546 1819 laneam.
580 1742 655 1805 G10.
672 1743 827 1805 Bam1sra
843 1743 1063 1806 Ganarcronm.

375 1846 524 1908 ‘Lettere
540 1845 571 1908 di
589 1846 620 1907 S.
633 1845 794 1909 Clemente
807 1846 891 1929 Papa
907 1846 923 1909 I
939 1848 1076 1910 tradotte
1091 1847 1141 1910 dal
1155 1848 1254 1910 Greco
1269 1871 1286 1911 e

333 1949 405 2011 ‘dal
421 1948 560 2012 Siriaco.'

248 2060 339 2145 1832,
355 2062 460 2137 Romo,
477 2060 506 2122 8.
541 2061 581 2122 A.
599 2059 636 2121 L.
654 2058 826 2122 Gnazmnr.

374 2165 523 2227 ‘Lettere
538 2163 570 2225 di
587 2163 619 2224 S.
637 2162 797 2225 Clemente
821 2163 926 2227 Primo
949 2165 1033 2248 Papa
1059 2188 1075 2228 e
1098 2165 1230 2229 Martire
1255 2167 1284 2229 ai

331 2265 486 2342 ‘Corinti,
507 2264 555 2328 eol
569 2270 651 2326 testo
666 2286 685 2325 a
700 2264 811 2341 fronte,
826 2266 1037 2350 volgarizzata
1051 2290 1067 2330 e
1082 2268 1241 2330 eorredata
1252 2267 1283 2329 di

331 2376 425 2432 ‘note
440 2368 569 2431 criticbc
584 2390 601 2429 e
616 2366 793 2450 filologiche
814 2390 831 2430 e
851 2368 882 2430 di
897 2392 958 2432 uua
975 2370 1194 2433 dissertazione
1215 2394 1284 2453 pro-

330 2472 482 2535 ‘emiale.'

371 2661 501 2746 Belgica
515 2662 626 2740 versio,
641 2665 794 2728 referente
810 2663 938 2740 Sandio,
950 2662 1189 2738 Amstolodami,
1200 2685 1282 2724 anno

334 2765 426 2846 1646,
443 2773 474 2830 ct
491 2766 604 2829 iterum
624 2767 715 2850 1656,
731 2767 857 2850 prodiit.

632 2979 677 3041 ll.
703 2979 891 3043 IGNA'PII.

245 3088 337 3169 1646,
353 3091 571 3167 Amotelodomi,
587 3111 617 3171 4.

369 3192 465 3256 Isaac
489 3193 635 3271 Vossius,
659 3195 724 3280 qui,
751 3193 843 3257 venia
871 3192 985 3277 Magni
1013 3192 1111 3257 Ducis
1136 3190 1281 3254 Etruriae

326 3295 503 3380 impetrata,
544 3296 757 3363 Bibliothecae
802 3294 1189 3361 Mediceo-Laurentianae
1233 3317 1279 3357 re-

327 3422 429 3463 cessus
461 3400 590 3464 intimos
620 3401 808 3485 penetravit,
839 3425 877 3465 cx
911 3401 964 3465 illo
1000 3401 1136 3484 precioso
1166 3400 1280 3464 Codice

326 3502 483 3585 Epistolas
508 3503 661 3586 genuinas
685 3528 738 3568 sex
765 3504 865 3568 edidit
876 3530 885 3580 3
918 3504 1083 3586 septimam
1108 3509 1214 3567 autem
1240 3503 1280 3565 ad

326 3605 494 3682 Romanoa,
516 3628 533 3669 e
554 3607 694 3690 vulgatis
718 3613 809 3670 antea
833 3606 1043 3690 Epistolarum
1071 3605 1279 3688 Interpolata-

325 3731 395 3771 rum
417 3708 616 3786 editionibus,
639 3709 793 3794 adjunxit,
817 3732 874 3792 ope
896 3708 1047 3773 versionis
1070 3708 1216 3791 antiquae
1239 3709 1279 3771 ab

325 3810 452 3876 Ueserio
471 3811 572 3876 editae
595 3811 779 3876 recensitam
794 3817 827 3875 et
842 3810 1040 3894 castigatam.
1085 3810 1277 3895 Interpreta-

324 3914 442 3978 tionem
456 3920 593 3979 veterem
610 3916 755 3979 Latinam
772 3914 905 3991 addidit,
919 3937 1024 3997 quam,
1040 3914 1158 3977 Graeco
1173 3936 1277 3977 exem-

324 4016 403 4099 plari
425 4019 650 4101 propemodum
673 4019 706 4081 in
729 4018 874 4082 omnibns
896 4017 1144 4100 respondentem,
1154 4017 1222 4101 jam
1244 4016 1277 4078 in

323 4120 423 4184 lucem
440 4122 595 4186 extulerat
610 4121 768 4199 Usserius,
784 4122 886 4185 Oxou.
902 4122 994 4202 1644.

367 4223 583 4308 Snbjiciuntur
605 4225 764 4309 Epistulae
787 4224 916 4308 Ignatio
942 4246 1104 4308 perperam
1129 4222 1277 4301 tributae,

322 4348 374 4408 pp.
392 4325 559 4411 63—1143
590 4325 749 4409 Epistolae
772 4325 995 4408 Interpolatae,
1017 4325 1275 4409 pp.115-206;

322 4429 484 4493 Barnabae
512 4429 664 4513 Epistola,
694 4453 746 4513 pp.
772 4444 960 4512 207—2543
998 4428 1103 4492 Notae
1131 4428 1164 4491 in
1194 4429 1275 4512 Epp.

321 4531 454 4617 Ignatii,
469 4556 521 4616 pp.
534 4552 551 4597 2
554 4534 713 4618 55-306,
730 4539 762 4596 et
777 4532 950 4609 Barnabae,
966 4531 1146 4616 307-318.

240 4645 332 4725 1680,
348 4646 490 4724 londini,
505 4667 536 4727 4.

363 4749 484 4813 Recusa
506 4755 554 4813 est
576 4749 651 4812 haec
674 4748 780 4825 editio,
802 4746 848 4810 ita
873 4753 908 4811 ut
932 4746 1049 4830 pagina
1071 4745 1203 4830 paginae
1228 4771 1275 4811 re·

319 4853 494 4936 sponderet.
553 4851 647 4914 Nihil
676 4852 824 4915 omissum
862 4861 983 4933 practer
1017 4851 1141 4914 brevem
1175 4851 1275 4934 operis

319 4953 555 5019 dedicationem.
609 4955 725 5019 Exstat
748 4955 781 5016 in
806 4954 1002 5018 Bibliotheca
1026 4955 1194 5018 Bodleiana
1220 4978 1273 5018 ex-

318 5057 457 5142 emplum
486 5057 632 5122 editionis
656 5057 828 5120 Vossianae
857 5079 928 5119 cum
955 5056 1070 5140 scripto
1096 5057 1210 5121 Codice
1235 5057 1273 5119 ab

318 5160 395 5223 Ant.
409 5161 566 5225 Biscionio
582 5160 739 5224 collatum.
761 5159 937 5239 (D’Orville
952 5159 981 5222 X
1000 5179 1029 5236 2,
1045 5176 1075 5242 5,
1092 5165 1152 5244 13.)

275 5279 345 5325 von.
362 5283 384 5326 1.
952 5263 971 5325 k
