3250 6617
599 1111 653 1172 ET
684 1109 1021 1173 FORMULARUM.
1338 1114 1379 1179 79

276 1280 351 1333 λείως
365 1277 602 1349 λειτουργήσαντας.
625 1276 713 1333 Clem.
727 1276 742 1332 Ι
758 1296 783 1350 9.
828 1278 909 1333 Λίθος-
973 1280 1174 1347 προσκυνοῦντας
1212 1278 1300 1333 λίθους
1340 1280 1380 1331 καΙ

277 1362 301 1411 οί
322 1362 528 1429 λειτουργοῦντες
551 1362 587 1432 τῷ
611 1357 786 1431 θυσιαστηρίῳ

275 1442 321 1492 τοῦ
335 1442 408 1492 θεοῦ.
433 1456 479 1508 32.
518 1443 553 1512 τῷ
571 1438 692 1507 θεληματι
709 1441 786 1493 αύτοῦ

276 1523 469 1591 λειτουργοῦσιν
481 1525 650 1590 παρεστῶτες.
675 1537 720 1590 34.
750 1521 786 1576 εΙς

276 1602 306 1653 τὸ
328 1600 462 1670 ίερατεύειν
478 1602 518 1653 καὶ
537 1603 694 1671 λειτουργεῖν
709 1602 783 1674 αύτῷ.

278 1699 323 1751 43.
360 1680 589 1752 λειτουργαῖσαντος
603 1681 737 1750 ἀμέμπτως
750 1684 786 1754 τῷ

276 1762 383 1834 ποιμνίῳ
397 1765 443 1815 τοῦ
456 1765 576 1832 Χριστοῦ.
586 1780 646 1830 ,44.

237 1843 392 1913 Λειτουργία.
426 1847 493 1896 Νῶε.
501 1886 506 1896 .
514 1843 565 1897 ,διδ
575 1844 618 1910 τῆς
629 1843 787 1914 λειτουργίας

278 1922 362 1977 αὐτοῦ.
387 1919 549 1993 01811119.
584 1922 689 1991 Ἀνέμων
706 1924 785 1977 σταθ-

278 2004 335 2070 μοὶ.
350 2048 354 2056 .
370 2045 375 2057 .
388 2003 433 2071 τὴν
445 2005 604 2074 λειτουργίαν
617 2005 697 2057 αὐτῶν
706 2004 785 2073 άπρο-

279 2085 380 2139 σκόπως
405 2084 577 2138 έπιτελοῦσιν.
603 2100 647 2138 20.
691 2085 737 2140 τάς
759 2106 787 2137 τε

278 2165 434 2234 προσφοράς
460 2165 500 2217 κοί
522 2165 681 2236 λειτουργίας
704 2166 786 2218 ε’πιτε·

278 2244 386 2298 λεῖσθαι.
407 2262 452 2312 40.
485 2248 526 2317 Τῷ
538 2246 588 2315 γάρ
602 2243 714 2315 ἀρχιερεῖ
727 2243 787 2298 ίδιαι

279 2325 438 2395 λειτουργίαι.
462 2321 498 2379 ΙΙ).
535 2326 579 2376 τόν
591 2325 731 2394 ὡρισμένον
743 2327 787 2392 τῆς

278 2402 436 2474 λειτουργίας
450 2405 527 2458 αὐτοῦ
540 2407 635 2459 κανόνα.
655 2423 701 2474 41.
734 2407 787 2459 δια-

279 2484 400 2551 δέξωνται
418 2484 498 2555 ἕτεροι
516 2485 722 2554 δεδοκιμασμένοι
742 2487 786 2539 άν-

280 2565 338 2633 δρες
361 2565 407 2632 τὴν
429 2566 588 2637 λειτουργίαν
614 2567 701 2620 αὐτῶν.
739 2585 785 2636 44.

279 2647 309 2698 οὐ
333 2643 432 2701 δικαίως
458 2647 588 2714 νομίζομεν
610 2645 788 2710 άποβαλέσθαι

279 2727 323 2793 τῆς
336 2727 500 2797 λειτουργίας.
524 2725 560 2781 ΙΙ).
604 2728 631 2780 έκ
649 2729 693 2795 τῆς
711 2728 788 2796 ἇμέμ-

280 2828 350 2862 πτως
375 2807 459 2863 αὐτοῖς
485 2807 645 2876 τετιμημένης
675 2811 788 2879 λειτουρ-

280 2887 344 2957 γίας.
366 2885 404 2942 ΙΙ).

240 2971 398 3039 Λειτουργός.
430 2969 461 3020 ΟΙ
474 2969 617 3039 λειτουργοί
630 2970 675 3036 τῆς
687 2969 791 3040 χάριτος

280 3052 325 3101 τοῦ
346 3052 419 3103 θεοῦ.
443 3046 531 3104 Clem.
553 3047 568 3102 I
591 3050 616 3103 8.
659 3055 709 3103 τῶν
728 3071 791 3120 προ-

281 3129 415 3200 ειρημένων
427 3131 588 3201 λειτουργῶν.
611 3146 658 3197 41.

241 3209 376 3280 Λείψανον.
413 3210 526 3278 ε’ποχθὴς
542 3211 583 3264 διδ
596 3212 641 3277 τῆς
659 3212 791 3280 συλλογῆς

281 3293 326 3343 τοῦ
339 3290 474 3360 λειψάναυ.
497 3287 581 3345 Mart.
599 3288 664 3364 Ign.
681 3289 706 3343 6.
741 3295 792 3343 τῶν

281 3371 359 3440 όγίων
385 3370 462 3422 αὐτοῦ
489 3370 627 3440 λειψάνων.
662 3368 700 3425 ΙΙ).
757 3371 791 3425 ὧς

281 3529 415 3599 ληφθῆναι.
439 3527 524 3584 Mart.
541 3527 636 3602 Polyc.
655 3542 699 3599 17.

241 3610 393 3681 Λεόπαρδος.
422 3609 552 3678 δεδεμένος
561 3609 620 3663 δέκα
631 3609 790 3680 λεοπάρδοις.

282 3688 344 3764 Ign.
361 3688 446 3745 Rom.
462 3703 488 3760 5.

243 3767 353 3838 Λανίκης.
379 3770 426 3839 Ἐξ
440 3771 580 3843 αῦτῶνγδρ
595 3772 668 3842 ίεριῖς
681 3772 721 3825 καί
734 3773 792 3825 λευ-

283 3847 340 3907 ῖται.
364 3849 488 3907 Clem.I
510 3869 558 3923 32.
601 3849 711 3908 λευΐτοις
732 3851 792 3906 Ιίδιαι

283 3932 402 3987 διακονίαι
415 3933 556 3988 έπίκεινται.
581 3951 626 4003 4ο.

243 4012 321 4067 Λέων.
344 4013 380 4069 είς
389 4015 482 4068 λάκκον
492 4017 612 4076 λεόντων,·
627 4011 715 4069 Clem.
723 4011 790 4082 145.

282 4091 322 4148 ’ίνα
344 4094 431 4165 ε’παφῇ
452 4098 489 4168 τῷ
511 4097 670 4168 Πολυκάρπερ
693 4094 791 4148 λέοντα.

284 4171 372 4230 Mam
390 4173 484 4243 Polyc.
506 4193 549 4229 12.

243 4252 341 4326 Λέγγειν.
372 4254 519 4324 μελλούσης
532 4255 619 4327 λήγειν
629 4257 673 4324 τῆς
683 4254 792 4325 ἀκαθάρ-

284 4357 330 4389 του
343 4336 496 4406 φιλοτιμίας.
521 4335 605 4392 Μθλύ.
622 4335 685 4410 Igu.
703 4347 729 4407 5.

243 4415 352 4484 Ληστίης.
398 4418 432 4472 ὣς
459 4417 501 4470 ε’πΙ
526 4418 625 4485 λῃστὴν
651 4417 791 4487 τρέχοντες.

285 4495 370 4552 Mart.
387 4495 481 4569 Polye.
499 4507 525 4568 7.

243 4576 306 4630 Δίαν
321 4579 425 4648 αἰσχρά.
449 4575 537 4633 Olem.
555 4575 631 4648 147.
674 4578 733 4631 λίαν
753 4577 792 4630 εἰε-

284 4657 391 4726 κέχυμαι
404 4657 509 4728 ἀγαπῶν
521 4660 590 4727 ὑμεῖς.
608 4656 671 4732 Ign.
683 4654 791 4712 Philad.

285 4750 310 4807 5.
334 4736 652 4809 δνάγαπητόνλίανέχετε.
668 4736 791 4812 Polye.7.

243 4817 359 4881 Λίβανος.
403 4819 482 4885 σηκόν
494 4820 573 4892 εἀυτηῖ
591 4821 658 4872 ποιεῖ
673 4820 701 4872 έκ
716 4820 792 4882 λιβά·

285 4920 337 4952 νου.
360 4895 541 4968 Clem.125.

244 4979 398 5041 Λιβανωτός.
443 4979 478 5035 ὥς
501 4981 644 5042 λιβανωτοῦ
668 4978 792 5033 πνέοντος.

286 5056 371 5114 Mart.
388 5056 484 5132 Polye.
505 5071 547 5129 15.

246 5139 368 5205 Λιθάζειν.
397 5139 680 5196 Παῦλος...λιθασθείς.
705 5136 793 5195 Clem.

287 5216 302 5272 Ι
325 5232 351 5289 5.
385 5220 559 5288 ἐλιθάσθησαν
573 5221 623 5274 ῦπδ
636 5221 793 5289 παρανόμων.

288 5313 336 5368 45·

868 1357 940 1425 ξύλα.
965 1355 1054 1413 Clem.
1074 1355 1106 1411 II
1128 1375 1150 1412 1.
1194 1360 1227 1413 ὥς
1247 1359 1317 1414 ὄντες
1337 1359 1378 1412 λί-

868 1439 908 1492 θοι
935 1442 995 1492 ναοῦ
1022 1442 1130 1509 Πατρός.
1163 1436 1227 1513 Ign.
1252 1436 1324 1512 Eph.
1351 1458 1376 1512 9.

867 1522 1001 1589 τιμιώτερα
1018 1519 1097 1573 λίθων
1111 1522 1266 1574 πολυτελῶν.
1291 1517 1376 1575 Mart.

869 1598 963 1673 Polyc.
987 1601 1030 1655 18.

828 1680 915 1748 Λιμην.
973 1680 1012 1734 ὅτι
1039 1680 1139 1748 λιμένος
1155 1681 1215 1749 -ἤδη
1243 1680 1380 1751 ε’τύγχονεν

868 1765 898 1828 τῇ
918 1764 1053 1831 προσευχῇ
1075 1763 1148 1828 ὑμῶν.
1178 1760 1239 1834 Ign.
1264 1759 1377 1834 Smym.

872 1858 915 1896 11.
959 1843 993 1898 ὡς
1010 1844 1188 1911 χειμαζόμενος
1205 1840 1301 1910 λιμένα.
1324 1841 1378 1896 Ρο-

868 1918 920 1994 lyc.
950 1939 974 1976 2.
1031 1923 1089 1977 τοὺς
1116 1924 1218 1990 λιμένας
1243 1922 1376 1989 Ῥωμαίων.

871 2001 955 2058 Mart.
973 2001 1034 2076 Ign.
1052 2014 1078 2071 5.

829 2084 994 2152 Λινοκαλάμη.
1031 2083 1143 2153 ἔκρυψεν
1161 2084 1196 2138 είς
1215 2084 1244 2137 τὸ
1266 2083 1380 2155 ὑπερῷον

871 2164 920 2217 ὑπὸ
953 2163 998 2232 τὴν
1027 2165 1202 2231 λινοκαλάμην.
1247 2160 1336 2216 Clem.
1363 2160 1378 2216 Ι

874 2261 918 2298 12.

829 2325 909 2378 Λίνον.
961 2324 988 2376 έν
1020 2325 1083 2397 λίνῳ
1117 2322 1243 2390 κατετέθη.
1292 2321 1377 2378 Mart.

870 2403 932 2478 Ign.
950 2404 975 2458 6.

830 2488 947 2554 Λιπαρός.
990 2483 1073 2555 είρίηνη
1097 2484 1187 2548 βαθεῖα
1211 2482 1251 2537 καί
1274 2485 1379 2554 λιπαρά.

870 2562 959 2620 Clem.
975 2562 991 2619 I
1008 2583 1034 2619 2.

830 2644 976 2699 Λιτανεύειν.
1017 2642 1185 2698 Λιτανεύσοτε
1205 2646 1250 2698 τόν
1270 2645 1381 2714 Χριστὸν

871 2726 934 2797 ὑπέρ
948 2727 1017 2794 έμοῦ.
1041 2724 1102 2799 Ign.
1119 2723 1202 2803 Bon).
1219 2743 1247 2792 4.

832 2806 991 2877 Αογίζεσθαι.
1028 2807 1144 2871 συνίησιν
1157 2806 1191 2861 ὣς
1207 2809 1265 2858 οὔτε
1278 2805 1294 2858 ἃ
1308 2806 1382 2876 λογί-

873 2888 957 2953 ζονταί
979 2909 1044 2943 τινες
1067 2883 1129 2941 είναι
1152 2887 1254 2956 τερπνά.
1290 2883 1379 2941 Clem.

874 2965 987 3043 Fragm.
1003 2966 1040 3023 iv.
1077 2966 1106 3020 δν
1119 2968 1251 3037 λογίζομαι
1268 2969 1307 3020 κοΙ
1323 2968 1382 3022 τοῦς

873 3048 962 3105 είθέους
972 3047 1143 3120 ἐντρέπεσθαι.
1161 3044 1224 3121 Ign.
1235 3044 1320 3101 Trall.
1333 3065 1358 3118 3.

832 3132 932 3200 Λόγων.
973 3128 1032 3185 τούς
1057 3151 1086 3182 τε
1112 3128 1324 3195 καταδεξαμένους
1350 3129 1382 3181 τιΙ

872 3212 947 3280 λόγια
967 3210 1051 3263 αὐτοῦ.
1077 3205 1198 3263 Cleml
1225 3226 1267 3279 19.
1311 3208 1380 3278 ε’γκε-

872 3287 970 3359 κύφατε
984 3291 1019 3345 τίς
1032 3290 1064 3341 τὰ
1075 3291 1150 3358 λόγια
1168 3291 1214 3341 τοῦ
1233 3292 1306 3342 θεοῦ.
1331 3300 1380 3359 53.

872 3367 900 3425 δς
923 3369 954 3422 δν
973 3366 1094 3437 μεθοδεύῃ
1115 3369 1147 3421 τδ
1166 3370 1243 3438 λόγια
1263 3371 1309 3421 τοῦ
1332 3376 1382 3420 Κυ-

872 3448 935 3518 ρίου.
959 3447 1053 3522 Polyc.
1070 3445 1140 3502 Phil.
1158 3460 1183 3517 7.

832 3531 968 3599 Λογισμός.
1011 3529 1119 3595 λέληθεν
1134 3529 1211 3581 αὐτὸν
1228 3527 1309 3588 ούδίν,
1324 3531 1382 3580 οὔτε

872 3612 1011 3680 λογισμῶν.
1036 3606 1130 3681 Polyo.
1145 3605 1215 3661 Phil.
1233 3625 1258 3675 4.

834 3693 921 3761 Λόγος.
954 3689 1125 3759 προσέχοντες
1145 3688 1205 3744 τοὺς
1224 3690 1318 3757 λόγους
1338 3688 1382 3740 αύ-

873 3773 925 3824 τοῦ.
953 3767 1075 3824 Clem.I
1099 3786 1124 3823 2.
1165 3769 1313 3837 μεμνημένοι
1333 3772 1383 3821 τῶν

873 3853 958 3920 λόγων
970 3852 1016 3903 τοῦ
1031 3847 1123 3921 Κυρίου
1135 3848 1228 3917 Ἰησοῦ.
1247 3866 1290 3919 13.
1320 3849 1383 3915 ι’)πη-

875 3933 948 3986 κόοος
968 3933 1021 3986 τοῖς
1040 3930 1209 4002 όγιοπρέπεσι
1226 3932 1321 4000 λόγοις.
1343 3925 1381 3982 ΙΙ).

875 4013 958 4082 φησὶν
976 4012 1026 4082 γάρ
1046 4014 1061 4064 ό
1081 4011 1153 4083 ἅγιος
1172 4012 1258 4082 λόγος.
1284 4007 1321 4063 ΙΙ).
1357 4009 1385 4062 ἐν

875 4091 1006 4161 ἀλαζονείᾳ
1033 4096 1079 4145 τοῦ
1105 4094 1185 4162 λόγον
1212 4092 1301 4144 αὐτῶν.
1337 4105 1381 4143 21.

874 4172 919 4225 Ἐν
938 4175 1009 4246 λόγῳ
1030 4175 1074 4240 της
1094 4170 1275 4242 μεγαλωσύνης
1296 4171 1382 4223 αὐτοῦ.

877 4266 922 4323 27.
966 4254 992 4306 έν
1010 4255 1081 4326 λόγῳ
1102 4251 1204 4307 δύναται
1225 4252 1289 4305 αῦτίι
1308 4272 1383 4304 κατα-

875 4334 998 4406 στρέψαι.
1029 4332 1066 4388 ΙΙ).
1117 4335 1201 4405 ἔργοις
1222 4330 1385 4399 δικαιούμενοι

875 4415 915 4468 καὶ
935 4414 969 4483 μὴ
986 4417 1080 4480 λόγοις.
1110 4431 1156 4485 30.
1200 4415 1233 4482 μὴ
1248 4412 1275 4466 έν
1288 4414 1384 4483 λόγοις,

875 4494 933 4547 ἀλλ’
948 4496 976 4549 έν
989 4495 1071 4566 έργοις
1084 4494 1194 4566 ἀγαθοῖς.
1212 4494 1261 4564 38.
1289 4514 1387 4546 πιστω-

876 4575 961 4631 θέντες
980 4575 1007 4628 έν
1026 4580 1063 4648 τῷ
1083 4578 1154 4648 λόγῳ
1173 4578 1219 4628 τοῦ
1239 4576 1314 4627 θεοῦ.
1337 4590 1383 4641 42.

876 4655 1013 4723 Μνίησθητε
1033 4661 1083 4709 τῶν
1102 4659 1188 4727 λόγων
1206 4654 1300 4722 Ἰησοῦ.
1337 4653 1384 4721 46.

877 4738 961 4806 σοφός
990 4736 1017 4789 έν
1048 4736 1170 4806 διακρίσει
1201 4737 1293 4806 λόγων.
1338 4734 1385 4802 48.

877 4815 964 4872 Οὕτως
977 4818 1026 4888 γάρ
1037 4819 1119 4887 φησιν
1128 4819 1143 4869 ό
1153 4816 1224 4886 άγιος
1233 4814 1320 4886 λόγος.
1337 4813 1386 4884 56.

878 4897 951 4968 Λέγει
969 4899 1019 4968 γάρ
1036 4899 1076 4950 καί
1094 4900 1109 4949 ό
1126 4897 1284 4967 προφητικδς
1299 4893 1385 4965 λόγος.

878 4974 912 5031 Π
931 4994 974 5031 11.
1017 4977 1144 5048 φρόνησιν
1165 4978 1257 5047 ἔχομεν
1278 4976 1318 5029 καΙ
1339 4974 1386 5029 λά·

878 5138 1031 5207 κεκτημένος.
1065 5136 1129 5212 Igu.
1159 5135 1232 5212 Eph.
1263 5151 1306 5210 15.
1357 5137 1388 5190 ού

877 5221 942 5290 πρδς
966 5220 1049 5290 σάρκα
1075 5222 1090 5272 ό
1116 5217 1201 5291 λόγος.
1236 5218 1334 5293 Magn.
1359 5233 1386 5288 3.

878 5298 906 5355 ὅς
924 5301 995 5354 ε’στιν
1008 5300 1084 5354 αὐτοῦ
1096 5298 1175 5371 λόγος
1191 5296 1276 5356 ἀΐδιος.
1300 5299 1326 5353 8.
1363 5298 1390 5350 έν
