3250 6617
598 1112 653 1174 ΕΤ
677 1110 1012 1175 FORMULARUM.
1327 1111 1370 1177 59

272 1279 415 1341 βασιλείας.
440 1295 464 1332 2.
507 1277 675 1350 Ὀγδοίηκαντα
693 1281 733 1333 καὶ
750 1279 779 1348 ίξ
860 1282 943 1349 κρῖμα.
975 1295 1020 1333 21.
1056 1282 1242 1349 προετοιμάσαι
1262 1280 1307 1334 τὰς
1327 1280 1368 1331 εὐ-

273 1360 323 1427 ἕτη.
345 1357 431 1416 Mart.
447 1357 542 1435 Polyc.
560 1377 585 1432 9.
861 1360 988 1432 εργεσίας.
1009 1360 1056 1431 38.
1087 1361 1229 1431 Εὐεργεσία
1241 1361 1295 1415 τοῖς
1308 1359 1369 1414 ὐπο-

234 1440 418 1512 Εὐαγγελίζειν.
463 1444 495 1496 Οί
510 1441 652 1496 ἀπόστολοι
667 1442 725 1512 ἡμῖν
738 1443 778 1496 εὐ.
861 1441 1010 1512 δεεοτέροις.
1034 1438 1097 1516 Igu
1114 1438 1227 1516 Fmgm.
1242 1438 1279 1495 iv.

273 1521 471 1593 ηγγελίσθησαν.
502 1519 694 1593 Clem.142.
737 1525 778 1578 εὐ-
821 1524 975 1593 Εὐεργετεῦν.
1038 1524 1176 1594 εὐεργετῶν
1211 1523 1243 1575 τὰ
1278 1524 1367 1578 πάντα.

273 1605 461 1674 αγγελιζόμενοι
493 1607 538 1673 την
570 1606 706 1671 βασιλείαν
735 1609 781 1658 τοῦ
862 1601 950 1661 Olem
967 1602 983 1659 Ι
1003 1619 1047 1659 20.
1091 1601 1175 1658 οίκαί
1195 1602 1369 1674 εὐεργετοῦμε·

273 1687 347 1739 θεοῦ.
370 1681 407 1740 ib.
444 1686 704 1758 οίιύαγγελισάρενοι
718 1685 781 1754 ἡμᾶς
862 1708 900 1739 νοι
913 1686 1014 1757 χείρους
1026 1687 1143 1757 γίνονται.
1167 1684 1229 1761 Igu
1243 1683 1367 1756 Βο111.5.

273 1763 422 1820 ἀπόστολοι.
447 1763 540 1840 Polyc.
557 1765 627 1823 Phil.
645 1768 670 1822 6.
822 1769 992 1839 Εὐεργετικός.
1026 1767 1259 1840 ’0...εὐεργετικδς
1272 1765 1367 1837 Πατήρ.

233 1845 395 1918 Εὐαγγᾶιων.
438 1849 536 1902 Τι’...ἐν
555 1848 621 1919 ἀρχῇ
641 1853 687 1903 τοῦ
707 1851 781 1921 dm»
863 1845 951 1904 (λεια
967 1846 983 1903 Ι
999 1864 1044 1920 23.

273 1928 362 1999 γελίοο
395 1929 532 2000 ίγραύενς
571 1926 660 1985 Clem.
690 1928 704 1984 I
734 1943 779 2001 47.
823 1929 939 1985 Εὐθετος.
982 1928 1026 1983 ἰὼ
1047 1931 1122 1992 λάβω
1149 1931 1235 2000 καιρὸν
1258 1929 1367 1984 εὔθετον.

274 2009 349 2081 Λέγει
368 2011 418 2082 γὰρ
439 2013 454 2064 ὁ
474 2007 565 2079 Κύριος
581 2011 609 2063 έν
624 2015 660 2084 τῷ
676 2012 780 2083 εὐαγγε-
866 2007 958 2084 Polyc.
976 2007 1048 2066 Phil.
1069 2027 1112 2081 13.

274 2088 329 2164 λίφ.
353 2089 428 2146 118.
470 2094 632 2164 προσφυγὼν
653 2096 688 2167 τῷ
709 2093 782 2165 εὐαγ-
824 2091 929 2148 Εὐθέως.
959 2093 1053 2165 Είγᾶρ
1066 2093 1111 2145 τύν
1123 2092 1231 2157 μισθὸν.
1245 2134 1251 2145 .
1265 2094 1371 2148 ,ὅθεύς

274 2174 360 2245 γελίῳ.
396 2171 459 2248 Igu.
487 2170 595 2228 Philad.
622 2189 648 2244 5.
690 2175 726 2230 είς
752 2176 782 2227 τδ
863 2171 955 2229 εὐθέως
964 2172 1092 2227 ἀπεδίδου.
1109 2169 1319 2248 Clem.Fmgm.
1328 2171 1369 2228 iii.

274 2253 426 2326 εὐαγγέλιον
445 2255 644 2326 κατηγγελκέναι
671 2252 708 2311 ib.
755 2256 782 2308 ἐν
863 2252 953 2309 εὐθίως
975 2254 1120 2321 ἐπέστησαν
1138 2256 1162 2307 ol
1180 2257 1308 2322 ζητοῦντες
1326 2257 1370 2308 αὐ-

274 2338 310 2408 τῷ
326 2336 472 2409 εὐαγγελίῳ
496 2338 540 2404 τῆς
563 2338 645 2405 κοινῆς
668 2337 780 2391 ελπίδος.
863 2338 913 2389 τόν.
936 2332 1020 2390 Mart.
1039 2332 1132 2408 Polyc.
1149 2335 1175 2388 6.
1213 2335 1314 2391 Εὐθέως
1327 2334 1371 2389 οὐν

274 2412 311 2470 ib.
354 2416 381 2470 ε’ν
394 2420 430 2491 τῷ
447 2417 587 2490 εὐαγγελίῳ
608 2419 638 2471 οὐ
658 2415 778 2472 πιστεύα.
863 2417 947 2472 αὐτοῖς
975 2415 1096 2470 ἐκέλευσε
1125 2417 1300 2485 παρατεθῆναι.
1342 2428 1368 2488 7.

276 2498 302 2552 8.
345 2494 491 2570 Ἐξαίρετον
505 2498 534 2551 δέ
550 2521 575 2552 τι
593 2500 689 2568 ἔχειτὰ
705 2500 779 2570 εὐαγ·
864 2496 964 2553 Εὐθέως
977 2495 1102 2569 οὐναύτῷ
1115 2496 1276 2568 περιετίθετο.
1304 2515 1347 2570 13.

274 2576 367 2648 γελιον.
391 2595 419 2650 9.
448 2580 477 2632 τὸ
496 2580 523 2633 δὲ
542 2580 781 2651 εὐαγγελιονᾶπόρ·
824 2577 912 2646 Εὐθης.
952 2576 1045 2633 ’Ἔστιν
1069 2576 1114 2632 οὐν
1136 2582 1212 2632 τοῦτο
1235 2579 1308 2651 ἅγιον
1331 2581 1371 2633 καί

274 2660 354 2728 τισμεί
374 2660 445 2714 ε’στιν
463 2659 616 2730 ἀφθαρσίας.
642 2657 679 2715 ib.
722 2661 781 2715 οὐδὲ
864 2658 940 2715 εὐθές.
964 2657 1053 2716 Olem.
1070 2656 1184 2733 Fragm.
1200 2657 1258 2716 viii.

275 2739 351 2812 μέχρι
370 2744 414 2795 νῦν
431 2742 460 2795 τδ
480 2741 636 2812 εὐαγγελιον,
666 2741 779 2818 Smym.
824 2741 945 2810 Εὐθνρος.
981 2742 1050 2814 κάγὼ
1063 2741 1228 2811 εὐθυμότεροι
1241 2742 1368 2813 ἐγενόμην.

277 2834 304 2892 5.
347 2822 481 2894 ίξοιρέτως
494 2822 523 2876 δι’
535 2826 571 2897 τῷ
584 2825 730 2898 εὐαγγελίῳ.
753 2835 779 2895 7.
864 2820 925 2896 Ign.
942 2820 1036 2898 Polye.
1054 2836 1079 2894 7.

276 2905 306 2956 τδ
330 2905 392 2957 κατὰ
414 2905 444 2957 τύ
466 2904 615 2976 εὐαγγέλιον
637 2905 780 2977 μαρτύριον.
824 2903 914 2960 Εὐθῦς.
959 2904 1041 2974 θῶμεν
1060 2906 1106 2974 τὴν
1125 2905 1185 2958 θδύν
1199 2905 1245 2972 τὴν
1264 2903 1369 2959 εὐθείαν.

277 2981 362 3040 Mart.
378 2981 472 3059 Polyc.
493 3002 515 3040 1.
539 2983 581 3042 Of.
602 3003 645 3059 19.
677 2987 726 3058 οὐχ
741 2985 783 3041 οὐ·
865 2982 954 3042 Olem.
970 2984 1004 3041 ΙΙ
1020 2998 1045 3058 7.
1084 2986 1157 3042 εὐθὺς
1170 2987 1248 3040 αὐτοῦ
1261 2985 1368 3057 ἥψαντο.

276 3086 326 3121 τως
342 3066 454 3120 διδάσκει
467 3068 496 3120 τύ
510 3068 666 3139 εὐαγγέλιον.
690 3089 715 3138 4.
748 3072 784 3142 τῷ
865 3063 931 3141 Igu.
948 3065 1064 3142 Smym.
1082 3085 1108 3139 3.
1145 3067 1219 3123 εὐθὺς
1239 3067 1315 3139 γνούς
1335 3071 1372 3142 τῷ

276 3148 338 3200 κατὰ
364 3149 394 3201 τὸ
420 3147 568 3219 εὐαγγελιον
598 3151 668 3224 λύγφ
699 3151 783 3219 Ἰησοῦ
863 3147 990 3216 πνεύματι.
1026 3147 1064 3205 ib.
1127 3149 1201 3204 εὐθὺς
1227 3149 1370 3216 ε’ρβληθείς.

278 3232 399 3299 Χριστοῦ.
424 3245 470 3283 22.
866 3227 950 3285 Mart.
966 3228 1029 3304 Ign.
1047 3230 1073 3284 6.

237 3309 396 3379 Εὐαρεστεῑν.
433 3310 601 3379 εὐηρέοτηοεν
614 3314 650 3384 τῷ
665 3311 784 3382 πέμψαν
825 3309 942 3378 Εὐκλείης.
971 3313 1015 3366 τδν
1023 3313 1144 3379 εὐκλεῆ..
1160 3314 1216 3380 ,της
1226 3311 1299 3382 ἁγίας
1310 3310 1370 3379 κλή-

276 3412 302 3444 τι
325 3391 407 3446 αὐιύν.
438 3389 501 3466 Igu.
518 3388 613 3466 Magn.
630 3393 658 3447 8.
699 3388 785 3466 ηὐέὼ
864 3413 931 3446 σεως
944 3390 1012 3459 ἡμῶν
1025 3395 1121 3446 κανόνα.
1144 3388 1233 3447 clem.
1250 3389 1266 3447 I
1283 3404 1309 3462 7.

277 3471 488 3543 εὐαρεστὴσωμεν
514 3474 541 3526 ἐν
567 3477 603 3547 τῷ
635 3477 679 3527 νῦν
705 3474 781 3528 αίῶνι.
824 3473 946 3528 Εὐκλεῶς.
983 3477 1093 3544 ἤνεγκαν.
1118 3469 1206 3528 clem.
1223 3470 1237 3526 I
1253 3485 1299 3543 45.

279 3549 373 3627 Polye.
390 3550 461 3608 Phil.
477 3566 504 3624 5.
824 3554 953 3610 Εὐκταῐος.
995 3555 1065 3611 ὅπως
1082 3555 1174 3608 θᾶττον
1192 3554 1238 3622 τὴν
1257 3553 1372 3607 εὐκταίαν

238 3633 420 3704 Εὐαρέστησις.
451 3635 486 3691 είς
499 3633 713 3710 εὐαρέστησιντηῦ
726 3635 783 3689 δνό-
868 3635 1256 3707 ...είρὴνην...ἇπαγγέλλωσιν.
1280 3632 1369 3691 Clem.

277 3737 337 3784 ρατι
349 3716 436 3772 αὐτοῦ.
459 3713 547 3773 clem.
564 3713 580 3771 Ῑ
596 3718 643 3787 58.
864 3713 880 3770 Ῑ
896 3729 943 3788 59.

238 3796 389 3866 Εὐάρεστος.
431 3799 463 3851 τὰ
476 3799 541 3852 καλὰ
554 3799 594 3851 καλ
608 3799 733 3869 εὐάρεστα
746 3798 784 3853 ε’ν-
824 3797 959 3862 Εὐλάβεια
1010 3795 1188 3866 δουλεύσομεν
1214 3799 1281 3873 αὐτῷ
1309 3799 1372 3868 μετὰ

278 3879 358 3935 ὢτων
379 3880 463 3936 αὐτοῦ.
497 3876 585 3935 Clem.
612 3877 628 3934 I
654 3896 699 3934 21.
742 3880 785 3934 ἐὰν
865 3881 1098 3949 φόβουεοὶπάσης
1111 3879 1251 3943 εὐλαβείας.
1275 3877 1369 3954 Polyc.

278 3958 416 4030 ε’κζητῦμεν
428 3961 461 4017 τὸ
475 3963 600 4032 εὐάρεστα
616 3963 656 4016 καί
673 3962 784 4032 εὐπρόσ·
868 3958 938 4016 Phil.
955 3961 983 4016 6.

278 4041 354 4095 δεκτα
382 4043 458 4116 αὐτῷ.
501 4055 548 4114 35.
600 4043 661 4114 δίχα
687 4041 785 4114 ιίγιίπης
825 4043 1006 4107 Εὐλαβεῖσθαι.
1038 4043 1068 4095 οὐ
1085 4043 1136 4114 γὰρ
1155 4041 1371 4111 εὐλαβοῦνταιρίη

278 4123 352 4177 οὐδὲν
365 4125 502 4196 εὐάρεστόν
515 4125 586 4178 ε’στιν
599 4128 634 4199 τῷ
648 4127 712 4200 θεῷ.
736 4142 783 4197 49.
866 4146 905 4180 τις
918 4123 1009 4180 αὐτούς
1021 4122 1177 4192 μεταστήσῃ.
1194 4121 1370 4192 Cleml44.

278 4207 355 4258 τοῦτο
373 4207 413 4259 καὶ
429 4208 465 4280 τῷ
480 4208 537 4282 θεῷ
554 4207 696 4278 εὐάρεστον.
720 4204 782 4281 Igu
826 4204 953 4274 Εὐλαβίις.
981 4205 1081 4276 δεῐγύρ
1095 4206 1298 4277 εὐλαβεστέρους
1310 4205 1374 4275 ἡμᾶς

280 4282 393 4359 Smym.
407 4288 437 4342 8.
866 4287 1031 4358 ὑπάρχοντας.
1054 4284 1139 4344 Mart.
1153 4285 1248 4361 Polyc.
1266 4303 1291 4340 ο.

239 4366 434 4438 Εὐγνωμοσύνη.
459 4367 660 4442 Εὐγνωμοσύνης
669 4370 718 4442 γάρ
728 4368 785 4423 ε’στι
826 4370 956 4440 Εὐλογεῖν.
988 4369 1057 4439 παρὰ
1069 4371 1122 4425 τοῖς
1135 4368 1311 4442 εὐλογημένοις
1324 4369 1374 4422 ὑπὸ

278 4450 308 4501 τὸ
321 4495 326 4504 .
339 4494 345 4503 ,
358 4449 516 4517 ,ἀποσώζειν
538 4449 657 4524 στοργήν.
695 4447 783 4508 Clem.
866 4454 912 4504 τοῦ
938 4453 1011 4505 θεοῦ.
1049 4446 1137 4505 016111
1163 4449 1179 4506 Ι
1203 4468 1252 4522 30.
1302 4450 1374 4505 Τίνος

279 4525 394 4606 Fragm.
410 4529 428 4586 i.
866 4532 942 4603 κόνιν
959 4529 1088 4604 οὖλοῆθι
1107 4535 1122 4586 ὁ
1143 4533 1226 4605 πατὴρ
1246 4531 1315 4600 »amar
1331 4530 1373 4584 Ἀ·

238 4610 324 4667 Εὐδία
360 4614 405 4682 τὴν
423 4615 485 4667 κατὰ
503 4616 568 4669 Θεύν
584 4614 668 4671 αὐτοῖς
685 4615 786 4687 γενομέ-
866 4615 976 4685 βραιίμι
1011 4630 1057 4686 31.
1113 4615 1193 4669 πάντα
1227 4616 1373 4676 τελειώσας,

280 4713 323 4761 νην
336 4695 424 4750 εὐδίαν.
447 4693 510 4770 Igu.
528 4693 640 4770 Smyrn.
660 4712 703 4751 11.
868 4695 989 4764 ε’πῄνεσεν
1008 4697 1079 4766 αὐτὰ,
1095 4698 1135 4750 καί
1153 4697 1301 4769 ηὐλθγησεν.
1326 4713 1372 4767 33.

238 4773 385 4843 Εὐδόκησις.
421 4779 503 4832 πάντα
520 4779 551 4831 τὰ
568 4780 686 4850 γινόμενα
703 4778 731 4833 ι’ν
746 4778 787 4833 εὐ-
867 4781 898 4846 fit
923 4777 1076 4850 εὐλογημένη
1090 4778 1273 4847 ...ἐκκλησία
1310 4775 1372 4850 Igu.

280 4855 392 4926 δοκήσει.
415 4856 504 4916 Olem.
521 4857 600 4930 140.
869 4856 942 4934 Eph.
972 4857 1061 4915 Inser.
1114 4860 1227 4912 διακόνου
1254 4859 1323 4926 ὑμῶν
1349 4858 1376 4911 ἐν

239 4937 371 4994 Εὐείκτιος.
395 4936 481 5015 (Vaff.
496 4938 585 5018 Loet.)
606 4946 660 4998 πῶς
673 4941 788 4998 εὐείκτως
868 4944 949 4997 πᾶσιν
971 4939 1147 5014 εὐλογημένου.
1180 4957 1204 4995 2.
1246 4943 1278 5010 τῇ
1300 4940 1374 4993 εὐλο-

279 5061 286 5072 .
309 5061 316 5073 .
340 5062 346 5074 .
368 5021 515 5079 ἐπιτελοῦσι
537 5026 569 5078 τὸ
593 5025 785 5092 διοτοσσόμενα
868 5029 962 5096 γηρένη
994 5024 1021 5076 ἐν
1046 5025 1132 5094 χάρίτι
1165 5026 1231 5076 Θεοῦ
1264 5024 1374 5092 Πατρός.

279 5097 368 5157 clem
385 5099 401 5156 I
415 5117 464 5175 37.
869 5103 966 5180 Magn.
999 5103 1086 5160 Inscr.
1143 5104 1241 5174 εὐλογῶ
1268 5125 1309 5167 σε,
1337 5101 1377 5156 ὅτι

238 5182 391 5255 Εὐεργεσία.
434 5187 590 5259 εὐεργεσίαις
609 5209 639 5241 τε
656 5187 786 5256 κολληθῶ·
868 5187 980 5256 ἡξίωσιίς
1012 5209 1051 5256 με.
1088 5183 1173 5241 Mart.
1205 5183 1298 5259 Polyc.
1333 5201 1375 5252 14.

277 5287 331 5333 μεν.
358 5262 447 5322 Clem.
464 5265 479 5322 I
498 5285 542 5340 19.
584 5269 618 5339 με)
639 5272 665 5324 αί
685 5270 784 5342 εὐεργε·
867 5270 928 5324 αίνῶ
949 5292 990 5332 σε,
1011 5270 1109 5340 εὐλογῶ
1129 5289 1169 5321 σε.
1198 5264 1228 5322 ib
1278 5267 1378 5338 εὐλογεί

278 5346 332 5400 σίαι
355 5348 431 5403 αὐτοῦ
453 5351 480 5404 αί
500 5352 596 5406 πολλοὶ
613 5351 733 5424 γίνωνται
751 5351 787 5408 είς
866 5354 912 5406 τὸν
925 5350 1023 5424 Κύριον.
1052 5367 1095 5423 19.

906 5431 958 5490 h2
