3250 6617
352 1044 415 1111 stc
716 1043 748 1105 S.
772 1039 1028 1105 CLEMENTIS

354 1232 374 1268 “
393 1222 434 1299 οὐ
450 1215 664 1316 τελευτήσει,
686 1220 743 1294 καὶ
768 1213 810 1295 τὸ
835 1222 907 1317 πιῖρ
931 1215 1047 1291 αὐτῶν
1067 1214 1107 1291 οὐ
1134 1211 1388 1311 σβεσθήσεται,

353 1361 375 1394 “
393 1351 450 1426 καὶ
468 1347 609 1425 ἔσονται
627 1348 674 1429 είς
692 1343 819 1446 ὅρασιν
836 1341 938 1446 πάση
956 1340 1098 1444 σαρκί.”

188 1513 318 1560 Poeniceu-
412 1471 472 1553 H'.
492 1476 558 1556 ‘stc
576 1473 637 1551 οὖν
655 1470 763 1569 ε’σμέν
777 1474 833 1550 ἐπὶ
850 1474 927 1570 γῆς,
944 1468 1229 1569 μετανοήσωμεν.
1266 1467 1392 1567 Πηλὸς

188 1585 239 1691 ξιξ,
248 1578 341 1691 mai
355 1599 425 1704 γοίρ
442 1603 549 1699 ε’σμεν
567 1604 614 1684 εἰς
632 1596 697 1698 τήν
715 1605 813 1703 χεῖρα
834 1605 896 1677 τοῦ
914 1598 1080 1701 τεχνίτου·
1109 1597 1150 1677 ὃν
1171 1595 1304 1701 τρθπον
1321 1597 1392 1700 γὰρ
1484 1670 1486 1675 .

189 1711 214 1757 ³¹¹
226 1709 339 1757 mm*
356 1733 375 1808 ὁ
393 1725 572 1832 κεραμεύς,
587 1726 648 1804 ἐὰν
664 1728 748 1829 ποιῇ
767 1733 903 1821 σκεῦος,
920 1728 977 1803 καὶ
993 1726 1030 1802 ε’ν
1048 1730 1124 1810 ταῖς
1141 1727 1267 1829 χερσὶν
1284 1727 1392 1804 αὐτοῦ
1406 1749 1423 1805 5

356 1859 574 1961 διαστραφῇ,
609 1851 631 1953 i]
663 1856 852 1957 συντριβῇ,
885 1850 996 1931 πάλιν
1028 1850 1115 1931 cairi>
1146 1853 1390 1932 οῖναπλοῖσσει·

355 1981 414 2061 ε’ἃν
445 1980 480 2059 δὲ
508 1978 705 2088 προφθάση
737 1984 783 2064 εῖς
807 1977 873 2078 τήν
902 1976 1047 2078 κάμινον
1074 1988 1137 2058 τοῦ
1168 1977 1279 2082 πυρὸς
1306 1978 1392 2060 αὐτὸ

355 2116 494 2205 βαλεῖν,
516 2109 629 2189 οὐκέτι
655 2106 828 2208 βοηθήσει
850 2109 957 2213 αὐτῷ·
988 2108 1098 2192 οὕτως
1116 2111 1173 2186 καὶ
1198 2109 1308 2208 ἡμεῖς,
1329 2109 1394 2193 ἕως

355 2236 462 2337 ε’σμὲν
478 2240 515 2316 ε’ν
533 2236 647 2344 τούτῳ
664 2239 715 2343 τηῖ
734 2234 872 2342 κόσμῳ,
891 2237 929 2313 ἐν
945 2237 990 2340 τῇ
1017 2240 1125 2338 σαρκὶ
1152 2234 1176 2315 ἃ
1192 2233 1394 2340 ἐπράξαμεν

356 2363 505 2469 πονηροί,
524 2364 795 2465 μετανοήσωμεν
813 2360 857 2467 ἐξ
876 2362 963 2462 ὅλης
981 2367 1044 2461 τῆς
1062 2363 1218 2468 καρδίας,
1241 2363 1299 2442 ἵνα
1315 2399 1391 2444 σω·
1409 2402 1445 2440 10

356 2498 471 2590 θῶμεν
489 2490 557 2572 ὑπὸ
575 2501 637 2571 τοῦ
659 2491 805 2594 Κυρίου,
825 2491 889 2575 ἕως
915 2488 1040 2595 ἔχομεν
1058 2491 1179 2594 καιρὸν
1196 2495 1391 2589 μετανοίας.

358 2618 462 2700 Μετὰ
488 2618 560 2723 γὰρ
588 2618 629 2699 τὸ
658 2617 813 2722 ἐξελθεῖν
834 2619 926 2717 ἡμᾶς
952 2621 991 2697 ε’κ
1017 2626 1081 2697 τοῦ
1108 2619 1256 2718 κόσμου,
1282 2620 1396 2700 οὐκέτι

357 2745 531 2844 δυναίμεθα
567 2748 636 2826 ἐκεῖ
674 2744 1016 2849 ἐξομολογήσασθαι
1055 2743 1077 2845 ἢ
1117 2752 1296 2844 μετανοεῖν
1330 2746 1390 2827 ἔτι.

359 2859 367 2884 Ι
514 2877 522 2898 )
647 2877 656 2901 Ι
757 2872 766 2899 Ι
949 2874 960 2897 Χ
1027 2873 1038 2899 Ι
1198 2883 1214 2900 Α
1351 2875 1359 2899 Ι

369 2880 481 2969 Ωστε,
502 2877 664 2980 αδελφοι,
685 2907 898 2974 ποιήσαντες
924 2908 966 2954 το
995 2880 1135 2973 θελημα
1152 2909 1215 2954 του
1235 2880 1392 2977 Πατρος,

359 3005 416 3079 καὶ
442 2998 507 3098 τήν
534 3002 654 3105 σοίρκα
681 2999 794 3102 ἁγνήν
819 3001 1046 3103 τηρήσαντες,
1071 3004 1129 3081 καὶ
1157 3001 1221 3088 τοῖς
1248 3001 1395 3090 ἐντολὰς
1411 3047 1446 3104 15

360 3281 380 3339 ii
395 3282 410 3358 t
426 3302 454 3356 3·
469 3282 756 3358 υιςιιὼίνακάρω
770 3287 857 3355 σφρι-
897 3292 983 3340 emet
1006 3303 1095 3358 ww
1116 3285 1158 3342 sd
1178 3285 1336 3343 tectam
1353 3284 1396 3342 vi·

359 3367 400 3437 γίι·
413 3364 529 3441 ponitur
542 3384 594 3441 pro
604 3363 784 3440 impositione
797 3383 856 3421 ma·
896 3364 988 3422 ιῖοαίι
1007 3365 1088 3422 mani
1103 3366 1194 3423 οοοτιῖ.
1226 3365 1328 3424 Versio
1343 3365 1396 3443 sy-

360 3465 450 3502 nuum
470 3465 541 3522 quae
558 3445 737 3522 Baptismum
757 3465 856 3521 seque·
897 3445 1036 3503 riaca:E't
1043 3447 1103 3504 sint
1113 3448 1305 3506 admirationi
1315 3450 1396 3506 οονιῖ

360 3528 451 3584 batur.
496 3528 530 3584 In
559 3527 647 3585 Boisii
674 3527 774 3585 notula
803 3547 856 3603 pro
896 3528 987 3585 οοιτιῖ.
1010 3527 1131 3587 WOTT.

361 3611 465 3677 δικάζων
476 3608 539 3685 lege
553 3611 667 3677 δεκάζων.
711 3609 858 3667 Ruchatus
940 3628 965 3682 3.
987 3606 1043 3688 Ὧς]
1061 3612 1129 3669 Ἕως
1149 3611 1247 3669 mallet
1269 3610 1395 3684 Nostius,

360 3697 506 3766 comparat
527 3690 646 3748 Theclae
665 3690 856 3766 Martyrium:
898 3710 983 3766 quem
996 3691 1026 3747 in
1041 3692 1175 3751 Editionc
1188 3701 1290 3770 quarta
1303 3693 1396 3770 sequi-

362 3777 484 3844 Μακάριοι
504 3777 528 3828 οί
547 3776 577 3827 τὸ
596 3777 730 3842 Βάπτισμα
750 3775 858 3844 καθαρὸν
898 3779 947 3829 tur
960 3772 1097 3831 Hefelius.

360 3853 520 3925 τηρήσαντες,
534 3855 572 3908 ὅτι
588 3856 660 3909 αὐτοὶ
672 3855 857 3911 ἀναπαύσονται
939 3869 965 3925 5.
981 3856 1008 3908 ἐν
1020 3860 1074 3912 τοῖς
1087 3853 1190 3935 χερσίν]
1208 3857 1312 3914 Junius
1325 3857 1395 3914 mal-

362 3938 425 4006 πρὸς
439 3938 483 3990 τὸν
496 3939 605 4008 Πατέρα,
621 3938 661 3990 καὶ
679 3939 723 3990 τὸν
735 3940 802 4005 tica,
816 3939 857 3990 καὶ
897 3933 938 3992 iet
951 3937 977 3990 ἐν
990 3941 1020 4005 τῇ
1033 3940 1108 4009 χειρί.

360 4019 390 4069 τὸ
412 4017 501 4088 ’Ἅγιον
527 4022 636 4086 Πνεῦμα.
683 4036 726 4093 ap.
756 4016 856 4074 Grabii
939 4029 963 4089 7.
987 4020 1048 4072 cairi)
1068 4016 1178 4099 βαλεῖν,]
1202 4019 1310 4077 Colom
1328 4023 1394 4086 βόλ-

362 4097 456 4172 Spicil.
469 4097 542 4154 Patt.
558 4097 575 4154 i.
591 4116 618 4173 p.
633 4100 678 4170 96.
701 4097 743 4155 cf.
756 4100 856 4172 ἐσφρα-
896 4102 957 4168 λειν,
978 4118 1014 4155 cx
1035 4098 1151 4171 incuria,
1166 4109 1199 4158 ut
1212 4100 1334 4170 videtur,
1348 4108 1394 4178 ty-

360 4181 471 4251 γὶσθητε,
489 4178 590 4254 Ephes.
606 4178 635 4235 iv
650 4198 696 4252 30.
899 4179 1088 4255 pothetamm.

401 4278 427 4334 p.
450 4279 515 4330 244.
536 4279 561 4334 9.
588 4265 602 4315 ὁ
632 4263 735 4329 σκώληξ
760 4257 853 4340 αὐτῶν]
941 4263 967 4317 8.
990 4263 1259 4340 ἕωςέσμὲνέντοιῖτφ
1278 4270 1315 4341 τῷ
1335 4269 1395 4321 κόσ-

362 4339 494 4398 Citantur
520 4341 588 4399 haec
616 4361 652 4398 ex
678 4341 757 4397 LXX
785 4340 856 4399 Intt.
899 4338 950 4421 μη]
970 4343 1016 4399 Ita
1031 4343 1199 4419 Cyprianus,
1213 4344 1260 4403 lib.
1271 4346 1307 4403 de
1318 4345 1396 4404 Mor-

360 4423 435 4497 apud
460 4443 531 4498 quos
553 4423 621 4480 haec
642 4422 762 4499 legimus
774 4444 782 4494 ;
802 4422 858 4480 nisi
897 4424 1015 4482 talitatc.
1062 4425 1199 4499 ‘Qualem
1225 4433 1256 4485 te
1286 4427 1396 4487 invenit

360 4504 437 4578 quod
460 4525 513 4580 pro
534 4506 681 4574 τελευτήσει
704 4504 858 4562 habeamus
899 4505 1087 4577 ‘Deus‚cum
1107 4507 1216 4566 dehoc
1237 4509 1396 4569 mundate

360 4592 471 4656 τελευτᾷ,
527 4586 670 4643 Posterius
698 4586 858 4643 membrum
899 4591 1020 4645 ‘evocat
1041 4598 1069 4646 et
1089 4589 1216 4654 accersit,
1236 4590 1325 4648 talem
1346 4611 1394 4667 pa-

361 4666 454 4740 paullc
475 4667 560 4724 aliter
579 4667 608 4723 in
624 4667 756 4724 Hebraeo
774 4675 858 4726 textu
900 4673 906 4698 ‘
921 4668 992 4727 riter
1005 4676 1034 4727 et
1043 4670 1171 4745 judicat'
1188 4667 1225 4751 [ρ.
1240 4674 1294 4745 163
1308 4672 1338 4728 Τ.
1349 4673 1392 4730 cd.

361 4747 483 4823 legitur:
504 4749 545 4805 Et
558 4759 643 4806 crant
655 4769 766 4806 τιοαιοιι
778 4751 859 4806 omni
900 4749 967 4807 Fell.
993 4751 1041 4808 ubi
1066 4751 1194 4828 legimus,
1211 4753 1341 4830 ‘qualem
1365 4761 1395 4813 te

361 4830 451 4886 carni.
466 4830 771 4905 Exposueruntautem
777 4831 857 4887 LXX
899 4831 1029 4890 ‘invenit
1044 4833 1184 4892 Dominus
1200 4854 1289 4911 quum
1302 4844 1395 4909 vocat,

363 4909 537 4986 Interpretes
557 4931 655 4969 vocem
677 4925 812 4981 αυτ-ηας
833 4913 856 4970 si
898 4914 1024 4985 ‘talem'
1047 4915 1111 4989 tac]
1157 4915 1197 4974 Et
1219 4917 1255 4974 ad
1280 4916 1393 4976 Demet

360 4991 519 5049 derivatum
533 4993 632 5051 fuisset
649 5012 666 5049 a
683 5006 744 5051 nst
762 4994 856 5051 videt:
899 4994 1042 5066 ‘Quando
1056 4995 1134 5054 illinc
1144 5016 1290 5056 excessum
1299 4998 1394 5072 fuerit,

361 5077 400 5126 καὶ
413 5076 513 5128 ἔσονται
527 5078 562 5130 εἷς
578 5078 668 5147 ὅρασιν
680 5079 750 5143 πάσῃ
772 5079 854 5147 σαρκί.
899 5075 1086 5152 ‘nuilusjam
1105 5078 1184 5137 locus
1202 5079 1396 5156 poenitentiae

362 5153 406 5210 lta
432 5162 460 5212 et
485 5155 629 5231 interpres
654 5155 766 5231 Vulgat.
818 5157 857 5213 Et
898 5165 972 5229 ‘est
986 5158 1080 5216 nullus
1098 5159 1298 5219 satisfactionis
1314 5161 1394 5220 effec-
