3250 6617
333 1092 393 1156 Du
416 1093 449 1156 S.
473 1091 652 1157 IGNATII
676 1092 783 1156 VITA
804 1091 860 1155 ΕΤ
882 1088 1090 1154 ΒΟΒΙΡΙῚΒ.
1189 1084 1244 1149 xix

206 1253 293 1353 quia
315 1254 408 1328 tanti
431 1254 503 1326 viri
527 1253 679 1328 fecimus
701 1252 931 1337 mentionem,
948 1257 985 1324 et
1008 1250 1053 1323 de
1076 1245 1246 1348 Epistola

206 1380 295 1480 ejus,
313 1406 424 1480 quam
443 1380 490 1454 ad
508 1381 693 1455 Romanos
710 1377 844 1466 scribit,
863 1404 979 1478 pauca
996 1402 1151 1476 ponere:

255 1506 315 1578 De
335 1505 454 1601 Syria
476 1531 589 1601 usqae
615 1501 669 1577 aal
689 1504 850 1577 Romam
874 1528 1002 1600 papiro
1028 1501 1081 1576 ad
1104 1501 1246 1587 bestias,

207 1629 250 1702 66
266 1628 370 1702 mari
382 1642 413 1702 et
427 1628 468 1702 66
482 1642 594 1715 terra,
608 1641 708 1701 uoote
721 1626 853 1724 dieque
870 1625 1007 1723 lipatus
1023 1651 1107 1698 cum
1124 1624 1248 1698 decem

209 1751 407 1850 leopardis,
418 1752 485 1826 loc
502 1765 561 1839 est,
576 1750 756 1825 militibus
767 1749 834 1848 qui
849 1776 906 1823 me
924 1748 1150 1834 custodiarum
1168 1749 1249 1847 966-

209 1876 275 1950 lias
298 1890 329 1950 ct
354 1902 466 1973 quma
490 1873 719 1974 benefeceris,
734 1874 882 1972 pejores
891 1873 1003 1970 Jluut.
1059 1873 1250 1972 Iniquitas

210 2015 333 2075 autom
358 2027 493 2088 eorum,
518 2027 601 2074 moa
629 1999 804 2074 doctriua
831 2014 891 2086 est,
916 1999 981 2074 sod
1006 2026 1079 2073 666
1106 1999 1250 2074 idcirco

201 2123 426 2223 justificatus
442 2149 531 2196 sura.
555 2208 560 2220 ⁸
589 2121 743 2196 Uticam
753 2122 879 2221 fmrar
896 2122 1027 2210 bestiis,
1046 2150 1140 2221 9666
1156 2122 1252 2197 mili

209 2262 291 2323 suat
303 2261 573 2347 praeparatae,
592 2274 685 2345 quas
708 2261 740 2322 ct
765 2275 829 2322 oro
847 2248 942 2322 milti
958 2249 1092 2323 celoces
1109 2275 1181 2323 esse
1198 2247 1252 2322 acl

211 2372 410 2459 interitum,
428 2385 460 2446 et
480 2371 650 2446 alliciam
672 2398 735 2446 eas
760 2371 813 2446 ad
838 2372 1101 2448 comedendum
1123 2400 1190 2460 oze,
1207 2399 1252 2447 66

210 2497 304 2570 sicut
318 2497 481 2571 aliorum
491 2497 710 2593 Martyrum
722 2522 794 2570 aaa
809 2495 972 2570 audeam
985 2523 1120 2595 corpses
1131 2523 1253 2570 uicum

212 2621 401 2719 66669666.
456 2621 563 2712 Quod
588 2621 623 2696 si
642 2621 768 2695 uenire
791 2622 985 2709 coluerim,
1006 2649 1070 2720 696
1092 2622 1170 2697 ota
1185 2622 1253 2721 fa·

213 2751 322 2838 ciam,
337 2779 400 2850 696
417 2778 474 2825 mc
492 2749 676 2848 669666661
695 2764 733 2824 ut
752 2749 915 2824 devorer.
951 2750 1253 2848 19666666666666,

202 2875 342 2975 filioli:
371 2875 464 2974 qaid
486 2874 581 2950 mitt
598 2875 730 2973 prosit,
750 2901 814 2972 696
838 2874 922 2949 scia.
974 2875 1087 2949 Nurac
1109 2874 1254 2974 iucipio

215 3000 356 3076 Christi
378 3026 451 3074 csse
475 2998 692 3096 discipulus,
711 2998 808 3072 uilil
829 2997 875 3071 <le
897 2998 1255 3096 hismaelitarum

215 3123 442 3210 desiderans,
460 3136 499 3196 ut
519 3124 650 3198 «losum
673 3121 862 3198 Christum
887 3121 1084 3197 6666666666.
1136 3123 1253 3220 lyris,

215 3275 318 3335 arua,
336 3247 480 3334 bestiae,
498 3246 705 3346 corffractio
727 3246 873 3334 ossium,
890 3248 1137 3322 monstrorum
1158 3248 1255 3322 divi·

214 3373 280 3460 sio,
308 3387 340 3448 et
368 3373 477 3448 totius
506 3372 675 3472 corporis
702 3371 884 3459 contritio,
913 3386 944 3446 et
974 3386 1049 3447 tota
1075 3387 1256 3449 tormeuta

193 3497 366 3600 ι66666666,
385 3498 424 3571 66
442 3526 498 3572 me
515 3498 675 3584 ueniam,
692 3511 836 3571 tautum
854 3510 892 3570 ut
912 3497 1056 3573 (altristo
1065 3498 1197 3597 sacar.

266 3624 399 3697 Passus
415 3629 501 3697 estm
519 3650 614 3697 anno
630 3622 844 3697 undecim0¹¹
863 3623 1018 3722 Trajani.
1061 3622 1256 3724 Reliquiae

216 3749 378 3849 corporis
395 3749 474 3848 ejus
488 3748 702 3824 Antiochiae
716 3748 838 3847 jacent
852 3756 956 3822 extra
973 3757 1116 3848 portam
1130 3751 1256 3849 Daph-

216 3873 386 3946 niticam⁰
405 3874 443 3947 in
460 3874 681 3948 coemeteria

256 4121 271 4151 ⁸
283 4109 306 4167 I
305 4110 362 4168 GN
363 4108 388 4167 A
395 4111 441 4168 TI
446 4107 507 4191 US]
527 4110 572 4169 De
586 4111 679 4188 patria
693 4110 802 4190 Ignatii
816 4111 888 4169 nihil
902 4111 984 4170 nobis
997 4111 1122 4170 servavit
1134 4110 1258 4188 antiqui·

216 4213 269 4265 tas.
312 4206 474 4266 Teutzelius
495 4207 619 4284 quidem,
638 4209 764 4269 Exercit.
781 4209 884 4269 Seleot.
900 4209 962 4268 Iiii
980 4230 1004 4282 1,
1025 4229 1111 4286 quem
1131 4210 1260 4286 sequitur

218 4303 428 4370 Tillemontius,
444 4306 605 4379 Mlmm'ra,
621 4307 669 4365 «lc.
685 4307 705 4365 ii
723 4326 788 4382 190,
807 4308 975 4386 scriptorem
989 4307 1115 4365 Arabem
1134 4307 1260 4380 adducit,

219 4402 307 4480 Greg.
329 4403 586 4482 Abulpharagium‚
607 4405 666 4482 qui,
687 4405 718 4463 in
738 4405 944 4482 Dynsstiarum
969 4405 1107 4477 Historia,
1130 4405 1204 4482 Dyn
1220 4406 1260 4464 vii

219 4521 249 4578 p.
268 4519 333 4575 119,
353 4502 511 4578 interprete
532 4501 681 4576 Pocockio,
702 4503 799 4575 tradit,
814 4504 866 4562 666
883 4503 1014 4580 Trojano
1032 4512 1165 4561 meatum
1185 4503 1261 4563 iuter

218 4598 293 4657 alios
310 4619 366 4657 esso
382 4599 537 4674 Ipaatium
549 4600 583 4657 N
582 4601 773 4674 armariorum,
788 4602 965 4678 spuma
977 4600 1195 4673 Antiocheam,
1209 4602 1262 4678 966

219 4697 261 4755 ad
278 4695 368 4754 leorae
385 4697 524 4773 conjectus
540 4698 576 4756 al>
589 4698 629 4756 iis
642 4699 799 4775 discerptus
812 4710 858 4758 est.
902 4699 988 4758 Unde
1001 4700 1078 4777 apud
1092 4701 1201 4759 Noram
1215 4699 1261 4759 vel

220 4795 342 4867 Numam,
353 4795 455 4852 urbem
466 4795 622 4869 Sardiniae,
632 4796 778 4874 Ignatium
790 4797 915 4874 primam
925 4797 1029 4856 vidisse
1040 4798 1131 4857 lucem
1142 4797 1260 4875 colligit

221 4894 336 4958 Gavius,
360 4894 436 4952 Hist.
461 4894 541 4953 Liui
563 4916 592 4972 p.
608 4915 655 4967 41,
677 4895 702 4953 si
726 4896 812 4954 modo
838 4895 908 4954 fides
928 4896 1061 4973 sciiptori
1085 4896 1135 4974 qui
1160 4896 1263 4956 claruit

221 4991 296 5049 circa
319 5011 425 5049 annum
452 4996 539 5065 1284,
559 4993 656 5069 potius
681 4992 777 5051 Norae
800 4993 893 5065 alteri,
918 5013 1004 5070 quam
1028 4994 1058 5052 in
1083 4993 1263 5071 Cappadocia

221 5088 361 5147 collocant
380 5090 485 5148 Strabo
508 5098 537 5149 et
560 5090 705 5149 Diodorus
723 5090 845 5164 Siculus,
865 5091 895 5148 in
914 5091 1039 5170 Phrygia
1057 5091 1090 5150 C.
1106 5092 1213 5169 Nepos,
1233 5090 1262 5148 iu

221 5186 343 5246 confinio
367 5188 526 5265 Lycaoniae
551 5196 580 5246 et
603 5189 798 5266 Cappadociae
825 5190 1001 5263 Plutarchus,
1024 5189 1131 5267 Ignatii
1154 5189 1263 5248 natales

714 5305 731 5348 C
750 5304 766 5347 2
