3250 6617
552 1074 611 1137 AD
634 1073 919 1152 CORINTHIOS,
944 1075 963 1137 i.
1267 1081 1287 1144 ’ί

246 1255 343 1331 runt,
370 1246 521 1332 tardius,
546 1246 687 1332 fratres,
712 1248 954 1346 nosmetipsos
979 1250 1200 1324 convertisse
1225 1277 1288 1323 ex·

246 1362 450 1436 istimamus
476 1362 523 1436 ad
547 1389 599 1450 ea,
616 1390 711 1469 quae
733 1363 884 1437 fuerimt
907 1366 1074 1462 quaesita
1098 1366 1287 1455 intervos,

245 1477 379 1564 dilecti,
397 1489 436 1552 et
452 1478 667 1552 seditionem
685 1480 834 1578 impiam
851 1508 893 1554 ae
909 1481 1174 1567 detestandam,
1192 1483 1288 1557 inter

245 1621 310 1669 vos
336 1605 463 1682 ortam,
487 1596 630 1694 Deique
656 1596 780 1671 electis
804 1598 1034 1697 peregrinam
1059 1609 1099 1672 et
1123 1598 1288 1687 ahenam,

245 1737 356 1810 quam
381 1713 488 1810 pauci
514 1712 678 1787 homines
699 1714 884 1787 temerarii
907 1722 945 1786 et
970 1712 1125 1788 audaces
1147 1715 1187 1789 in
1206 1726 1288 1790 tan·

244 1838 325 1902 tum
363 1828 577 1904 insolentiae
615 1829 868 1916 anoenderunt,
901 1841 946 1904 ut
979 1831 1216 1906 honorificum
1249 1843 1288 1908 et

246 2011 345 2088 ‘quod
364 2012 496 2083 occurrit,
509 2013 613 2071 collato
633 2032 699 2070 eum
718 2024 744 2069 M
786 2014 871 2071 dnm:
884 2013 1129 2090 neutiquamvero
1139 2014 1289 2090 probanda

247 2092 299 2150 ‘in
330 2112 399 2151 vooe
431 2097 562 2166 νομίζομεν
588 2114 615 2171 p.
632 2109 670 2167 35
699 2095 742 2152 ed.
785 2094 905 2153 esthaeo
913 2094 1011 2154 critica
1022 2094 1108 2153 nimis
1116 2095 1284 2155 emendatio.

246 2173 411 2232 ‘Junianae
430 2171 457 2255 [t
472 2171 521 2255 26]
540 2174 627 2234 etiam
648 2184 678 2235 et
698 2175 744 2234 hic
785 2175 908 2234 WO'l'I'.

168 2290 172 2299 ·
247 2256 326 2332 ‘legi
340 2256 443 2314 debere
457 2257 605 2328 νομίζομεν]
620 2256 743 2315 Grabius
827 2277 853 2332 3.
869 2261 909 2314 καί
922 2254 1005 2337 ξένης]
1025 2257 1072 2316 Ita
1086 2257 1287 2334 corrigendum

245 2336 332 2396 etiam
345 2337 375 2394 in
389 2357 441 2395 suo
452 2336 520 2395 Ood.
537 2337 664 2414 reposuit
677 2342 745 2410 νομί·
785 2339 919 2396 viderunt
939 2338 1089 2415 vulgatum
1109 2341 1198 2409 ξένοις,
1220 2339 1287 2398 Boi·

246 2423 334 2491 (opoq
349 2419 444 2476 nullus
454 2418 544 2496 igitur
554 2420 664 2491 dubito,
675 2418 745 2496 quin
785 2420 852 2492 sius,
868 2419 958 2478 Cotel.
972 2419 1099 2479 Wotton.
1116 2420 1283 2480 Dresselius.

244 2500 397 2577 legendum
414 2500 453 2559 sit
469 2504 605 2573 νομίζομεν.
621 2500 744 2559 WOTT.
787 2501 932 2561 Lectionis
955 2501 1072 2560 alterius
1095 2502 1286 2578 patrocinium

244 2583 431 2654 ἀναγκαζόμθσ
443 2581 542 2641 mallet
556 2582 676 2641 Boisius.
704 2607 746 2639 νο-
786 2583 840 2641 sibi
873 2582 1084 2660 suscipiendum
1110 2583 1287 2642 existimavit

245 2667 355 2735 μίζομςν,
370 2683 456 2740 quam
475 2683 576 2722 vocem
592 2672 622 2723 et
640 2663 746 2723 lunius
787 2663 963 2734 Gallandius,
988 2671 1142 2742 praeeunte
1168 2664 1286 2737 Millio;

247 2743 307 2820 ipse
323 2744 451 2822 primum
469 2744 595 2815 dederat,
610 2745 640 2802 ni
654 2744 744 2817 fallor,
785 2765 857 2824 quos
871 2746 896 2803 si
909 2743 1015 2816 audias,
1027 2745 1054 2804 S.
1066 2746 1151 2804 Pater
1163 2745 1287 2805 schisma

244 2826 369 2901 genuina
382 2834 426 2885 eat
439 2826 531 2885 lectio.
569 2826 668 2886 Codex
682 2826 743 2886 MS.
785 2827 889 2886 exhino
919 2826 1109 2905 reprehendit,
1137 2827 1214 2905 quod
1247 2827 1287 2888 sit

246 2905 339 2965 adhue
358 2907 475 2967 exhibet
487 2914 600 2985 partem
613 2909 746 2967 dextram
787 2909 965 2980 Christianis,
993 2911 1074 2980 ξένοις
1104 2909 1219 2981 scilieet,
1246 2916 1285 2981 et,

245 2987 345 3047 literae
365 3000 415 3060 M,
443 2996 473 3048 et
496 2990 598 3048 lacuna
620 3010 678 3048 non
701 2997 746 3049 est
785 2999 996 3049 antecessorum
1031 2989 1159 3050 fidelium
1196 3010 1284 3064 more,

245 3070 372 3147 plurium
385 3090 472 3148 quam
485 3071 574 3129 trium
588 3071 742 3130 literarum.
785 3072 906 3131 ααίοοηίο
931 3071 966 3129 in
992 3080 1070 3130 terra
1097 3071 1239 3148 elsetwqrae
1265 3093 1286 3130 a

245 3150 328 3209 Vana
348 3172 416 3230 ergo
436 3159 481 3211 est
500 3153 664 3230 conjectura
681 3153 745 3211 cre-
784 3155 853 3226 Deo,
890 3152 1016 3212 maxime
1052 3153 1283 3212 abominandum

245 3232 297 3291 rici
308 3235 454 3306 δοκὴσομςν,
464 3254 557 3312 neque
566 3234 745 3294 admittenda
785 3234 860 3294 Cum
875 3235 968 3293 Millio
985 3242 1063 3294 stant
1081 3235 1283 3294 Schoeneman.

244 3316 744 3393 papicumqmmemendationem,
785 3324 815 3376 et
830 3317 967 3376 Hefelius.

245 3395 524 3474 aFreyiotanqnam
537 3399 683 3475 propriam
696 3398 745 3455 da
827 3418 854 3470 4.
889 3394 1029 3478 πρόσωπα]
1069 3397 1153 3456 Hane
1186 3417 1285 3456 vocem

246 3484 314 3548 tam,
333 3485 363 3536 et
383 3497 401 3534 a
421 3478 523 3548 Birria
538 3479 697 3552 Gallandio,
716 3487 745 3538 et
785 3484 925 3554 πρόσωπον
938 3479 1038 3537 eodem
1058 3499 1142 3537 sensu
1161 3499 1214 3556 pro
1234 3478 1286 3537 ho-

245 3558 486 3631 Sehoenemanno,
500 3568 602 3636 utpote
620 3561 745 3638 pressius
785 3561 863 3619 mine
875 3568 1041 3638 usurpatam
1060 3560 1147 3618 habes
1167 3560 1196 3617 in
1216 3559 1287 3638 Epi-

245 3639 427 3699 aeeedentem
444 3641 480 3699 ad
495 3641 528 3702 Β.
541 3642 621 3699 Pauli
637 3642 745 3718 stylum
785 3643 859 3701 stola
882 3642 1006 3700 secunda
1026 3641 1053 3700 S.
1070 3641 1151 3699 Pauli
1171 3641 1208 3699 ad
1228 3641 1284 3700 Oo-

247 3741 332 3799 quem
352 3722 457 3800 passim
475 3732 595 3800 usurpat
610 3723 639 3782 S.
652 3724 744 3795 Pater,
786 3723 916 3796 rinthios‚
941 3723 950 3780 i
976 3741 1020 3795 11,
1047 3723 1088 3779 ίνα
1121 3725 1148 3779 ἐς
1180 3727 1287 3780 πολλῶν

246 3804 405 3880 probatam,
431 3804 505 3862 iram
531 3805 581 3862 vix
610 3805 745 3864 cohibens
785 3809 932 3878 προσώπων
943 3809 973 3860 τὸ
986 3807 1022 3863 είς
1035 3805 1098 3875 ἡμᾶς
1110 3808 1225 3877 χάρισμα
1243 3806 1285 3860 διὰ

246 3884 299 3943 sibi
313 3885 439 3944 vindieat
449 3885 633 3956 Wetstenius,
648 3886 744 3946 Prole
784 3890 890 3943 πολλῶν
912 3888 1081 3959 εὐχαριστηθῇ
1108 3888 1172 3959 ὑπὲρ
1194 3887 1285 3956 ipos:

245 3986 320 4043 gom.
336 3966 373 4024 ad
387 3966 461 4025 Nov.
477 3967 552 4026 Test
567 3987 594 4044 p.
606 3970 653 4040 65.
785 3987 871 4044 quem
891 3967 1020 4045 sequitur
1038 3966 1170 4026 Clemens
1188 3964 1235 4024 hio
1254 3972 1286 4025 et

286 4047 324 4107 ib.
350 4051 510 4123 ἐπιστροφὴν
532 4046 739 4130 πεποιη[κε’ν]οι]
785 4049 860 4107 infra
874 4049 889 4125 ᾗ
905 4065 952 4123 47.
996 4047 1077 4107 Cous.
1093 4046 1241 4125 ignatium
1254 4047 1285 4106 ln

244 4129 473 4204 Ἐπιστρίφισθσι,
514 4139 545 4189 et
585 4132 746 4205 ἐπιστροφὴν
786 4131 839 4207 Ep.
855 4130 891 4188 od
906 4130 1002 4208 Magn.
1019 4131 1070 4207 §6.
1114 4129 1162 4188 Sic
1176 4128 1283 4188 concil.

245 4216 326 4267 ποιεῖν
352 4218 404 4284 est,
428 4232 538 4284 entrare,
562 4212 746 4271 animadver-
786 4211 917 4270 Chalced.
934 4211 1002 4270 Can.
1022 4230 1049 4286 3,
1069 4218 1119 4267 τῶν
1138 4215 1286 4285 προσώπων

246 4300 309 4364 tere,
327 4294 462 4351 wnimtmn
481 4293 613 4353 &hibere
630 4293 675 4352 vel
693 4293 745 4353 ad·
784 4301 836 4350 τῶν
861 4298 974 4362 μαλιστα
1002 4297 1047 4365 τῆς
1076 4295 1286 4363 {salsamentis

237 4373 333 4450 μέσση.
363 4373 524 4434 JUNIUS.
598 4375 745 4434 Ruohatns
785 4377 909 4448 δεομίνον
941 4376 1067 4446 βοηθείας.
1101 4392 1146 4450 ap.
1177 4370 1284 4431 Routh.

244 4455 355 4514 oonieit
382 4454 532 4532 epistolam
555 4456 681 4534 Philippi
708 4457 744 4514 ad
786 4455 889 4533 Seript.
904 4456 1009 4514 Eeeles.
1026 4455 1129 4531 Opuse.
1146 4453 1155 4512 i
1175 4468 1221 4527 55.

245 4534 351 4595 Athen.
384 4537 460 4596 inter
487 4538 609 4615 Philipp.
639 4538 745 4597 Demo·
824 4553 849 4611 5.
865 4542 901 4597 είς
913 4543 1038 4595 τοσοῦτον
1050 4530 1181 4615 ἀπονοίας]
1201 4534 1285 4593 Hane

244 4618 361 4691 athenis,
388 4623 512 4678 πολλάκις
541 4644 590 4691 μου
620 4621 744 4693 πρέσβεις
785 4619 920 4697 loquendi
933 4615 1287 4677 rationemvirisemditis

242 4701 443 4758 ίποστείλανπος
459 4747 484 4760 ..
499 4746 525 4760 ..
546 4702 663 4774 οὐδεμίαν
675 4703 744 4758 ίποι-
783 4700 962 4759 tolerabilem
975 4700 1065 4757 visam
1079 4698 1164 4756 fuisse
1177 4698 1284 4769 miror;

244 4782 314 4837 ςῖσθε
333 4783 499 4856 ἐπιστροφήν.
783 4801 841 4839 non
855 4781 931 4839 enim
944 4781 1114 4839 seditionem
1127 4779 1157 4837 in
1169 4786 1284 4839 tantum

295 4880 319 4920 a.
348 4859 495 4943 ὄρσο-ποορ]
528 4863 573 4922 De
599 4862 654 4922 hoe
680 4863 743 4921 loeo
782 4862 932 4921 vecordiae
945 4862 990 4920 vel
1004 4861 1153 4939 superbiae
1172 4860 1284 4920 inflam-

242 4943 434 5002 amovendnm
447 4963 507 5002 esse
523 4953 620 5004 censet
637 4944 743 5002 Junius
782 4951 900 5004 morunt
925 4942 1118 5014 schismatici3
1153 4943 1203 5001 sed
1230 4943 1285 5002 hoe

242 5020 497 5162 [quemadmodum
508 5024 743 5104 Boisiusquoque
783 5046 882 5085 eorum
915 5025 1000 5098 fastu,
1034 5024 1079 5083 vel
1112 5023 1284 5096 temeritate,

253 5105 299 5184 egi
319 5105 424 5165 dehere
444 5103 603 5187 pertendit]
628 5115 657 5166 et
678 5126 743 5165 curn
783 5106 913 5185 contigit
957 5107 993 5164 Id
1011 5106 1081 5166 olim
1099 5106 1199 5165 videns
1217 5105 1285 5164 Boi·

242 5186 429 5266 pne'eedente
444 5189 555 5262 ἀδελφοί
571 5188 744 5266 conjungen·
783 5189 843 5248 sius
863 5189 1016 5267 legendnm
1036 5187 1165 5266 conjecit,
1186 5190 1222 5247 είς
1240 5211 1284 5244 πο-
