3250 6617
542 1076 650 1140 VITA
671 1077 727 1141 ΕΤ
749 1078 959 1142 ΒΟΒΙΡΙῚΒ.
1229 1078 1286 1143 xxi

243 1238 366 1308 uiouem,
391 1244 527 1315 tauquam
554 1257 661 1297 novum
688 1249 892 1312 commentum,
919 1258 971 1298 nec
997 1246 1127 1298 veterum
1154 1241 1287 1318 cuiquam

243 1335 391 1413 cognitum
404 1335 543 1413 deposuit.

282 1446 296 1476 ⁰
315 1435 441 1492 Romam
457 1434 571 1494 vinctas
588 1431 729 1515 mittitur]
760 1434 891 1494 Historia
912 1435 1043 1512 martyrii
1066 1437 1128 1514 ejus
1155 1434 1204 1518 [so.
1221 1437 1286 1497 set.

243 1531 382 1608 Interpol.
402 1533 417 1609 ξ
439 1535 467 1598 8,
486 1531 563 1608 apud
591 1531 728 1591 cotelerii
752 1532 852 1592 Patres
873 1533 976 1610 Apost.
1002 1534 1104 1592 edente
1127 1534 1247 1606 Clerioo,
1267 1534 1289 1593 ii

247 1626 316 1710 165]
341 1628 414 1688 hanc
437 1629 518 1689 dedit
541 1630 691 1704 rationem,
714 1651 801 1708 quare
829 1651 886 1690 non
910 1630 1080 1691 Antiochiae
1104 1633 1155 1692 sed
1180 1633 1288 1692 Romae

243 1729 330 1786 fuerit
352 1735 511 1800 coronatus,
533 1735 568 1786 ut
589 1728 718 1806 longiore
740 1729 852 1803 itinero,
873 1737 904 1788 et
925 1730 1067 1789 continuis
1087 1731 1288 1791 vexationibus

243 1827 355 1885 animus
371 1827 432 1902 ejus
443 1826 630 1903 frangeretur,
645 1836 683 1900 et,
697 1847 734 1886 ne
748 1826 919 1886 Antiochiae
937 1829 1046 1887 occisus
1066 1829 1163 1888 fideles
1183 1830 1213 1888 in
1231 1831 1288 1891 fide

244 1925 432 1996 confirmaret,
453 1924 524 1983 adeo
544 1931 578 1983 ut
598 1944 665 1983 eum
685 1925 809 1985 noluerit
824 1925 963 2003 'Prajanus
983 1926 1059 1985 inter
1078 1947 1145 1986 suos
1165 1929 1288 2005 gloriose

244 2042 379 2100 pugnare,
394 2030 424 2082 et
443 2022 526 2094 mori,
543 2023 593 2080 sed
613 2023 690 2082 inter
710 2023 834 2100 ignotos,
847 2031 882 2083 ut
903 2044 956 2101 pro
976 2025 1105 2084 malefico
1125 2026 1286 2086 haberetur.

244 2121 426 2192 VENEMA,
443 2120 520 2179 Hist.
537 2120 612 2179 Eecl.
633 2121 710 2180 Saec.
726 2121 747 2179 ii
764 2125 778 2192 t
795 2136 821 2195 7.
863 2121 959 2182 Aliter
977 2122 1206 2201 chrysostomus,
1226 2126 1288 2186 Ho-

244 2221 303 2279 mil.
319 2220 349 2278 in
364 2219 392 2278 S.
407 2219 563 2298 Ignatium‚
578 2223 619 2276 tut
638 2223 688 2294 γὰρ
709 2226 786 2277 τοῦτο
805 2224 847 2277 καὶ
866 2226 881 2278 d
897 2225 962 2281 ests
982 2228 1163 2296 συνεχώρησεν
1178 2227 1230 2282 κ’κκῖ
1244 2229 1289 2283 τὸν

243 2323 302 2387 βίον
318 2322 394 2375 αὐτὸν
411 2323 557 2390 καταλῦσαι,
577 2320 645 2374 ὥστε
667 2320 713 2389 τὴν
733 2317 825 2375 τούτου
847 2322 966 2391 τελευτὴν
986 2322 1150 2378 διδασκάλων
1169 2324 1289 2396 γενέσθαι

244 2415 376 2485 κῦσκβκίαο
388 2421 442 2474 τοῖς
453 2418 499 2487 τὴν
510 2417 606 2486 Ῥώμην
619 2417 733 2471 οἰκοῦσιν
745 2417 848 2474 ἅπασιν.
891 2415 1013 2474 Romam
1031 2417 1188 2477 abductum
1202 2420 1288 2480 ftlisse

245 2514 419 2591 Episcopum
433 2511 604 2571 Antiochiae
622 2519 656 2571 ut
669 2511 808 2587 Trajanus
828 2511 1012 2571 oblectationi
1032 2513 1124 2590 plebis
1143 2515 1288 2578 Romanae

244 2613 413 2685 consuleret,
437 2618 569 2671 statuunt
592 2610 809 2681 Schroeokhius,
831 2610 998 2671 Olmutds
1016 2613 1055 2669 K.
1076 2613 1112 2672 G.
1128 2613 1148 2671 ii
1164 2617 1232 2688 336,
1256 2624 1288 2676 et

246 2710 398 2782 Burtonus,
419 2711 560 2774 Lmurcs,
575 2709 596 2765 ii
613 2723 658 2783 25.
700 2708 841 2781 Jortinus,
862 2709 1006 2768 Rectorks
1025 2731 1063 2769 ou
1084 2711 1160 2771 Eccl.
1182 2714 1287 2774 Hirti

247 2811 314 2883 361,
328 2809 463 2885 opinatur
476 2807 630 2884 Trajanum
649 2806 714 2865 ideo
728 2806 765 2864 ad
781 2806 905 2865 Romam
925 2807 991 2865 duci
1005 2807 1154 2886 ignatium
1169 2811 1289 2888 jussisse

244 2917 278 2967 ut
300 2907 424 2965 ludibrio
446 2926 512 2965 eum
534 2912 697 2982 exponeret,
711 2912 797 2981 atque
818 2904 881 2962 aliis
902 2906 1034 2983 exemplo
1047 2907 1159 2967 laceret.
1203 2909 1288 2967 Gros-

244 3005 353 3064 vellius
371 3013 475 3070 autem,
489 3005 704 3068 Dissertations,
719 3003 749 3061 iv
765 3018 832 3077 417,
846 3004 1039 3079 conjecturam
1058 3004 1126 3065 facit
1139 3004 1288 3082 Ignatium

245 3104 337 3162 civem
359 3103 521 3161 Romanum
542 3100 637 3168 finisse,
678 3099 720 3160 Oi
745 3101 818 3158 Plin.
842 3101 894 3178 Ep.
910 3122 930 3158 x
948 3116 995 3177 97,
1013 3113 1104 3179 ‘quos
1125 3104 1193 3181 quia
1214 3103 1290 3162 cives

245 3207 253 3234 ⁴
267 3201 389 3260 Romani
403 3207 492 3272 erant,
506 3199 641 3258 adnotavi
655 3199 685 3256 in
699 3200 800 3257 urbem
814 3200 1021 3259 remittendos)

285 3296 300 3341 ‘¹
313 3299 431 3356 auditor
438 3293 598 3377 Jolannis]
611 3296 759 3375 ignatium
770 3297 865 3374 ipsum
875 3297 892 3354 J
896 3297 1015 3355 ohannis
1025 3298 1185 3356 auditorem
1194 3299 1289 3373 fuisse,

247 3396 395 3474 Polycarpi
409 3395 644 3472 condiscipulum,
655 3403 800 3455 testantur
809 3396 884 3454 Aeta
895 3397 964 3472 ejus,
978 3396 992 3472 ξ
1003 3416 1030 3470 3,
1042 3395 1098 3454 vid
1111 3396 1185 3454 iufra
1195 3417 1221 3474 p.
1230 3402 1287 3471 582

246 3496 256 3553 l
275 3510 318 3569 15,
333 3495 437 3572 quibus
454 3494 507 3552 hae
525 3494 556 3551 in
574 3513 606 3553 rc
625 3494 711 3553 fidem
724 3494 863 3553 adhibent
876 3494 1005 3572 Ittigius,
1020 3494 1140 3554 Dissert
1159 3495 1195 3554 de
1210 3495 1288 3555 Patr.

247 3594 348 3671 Apost.
364 3614 391 3670 p.
407 3610 472 3667 259,
487 3592 623 3659 Venema,
639 3593 676 3650 H.
690 3592 723 3651 E.
740 3593 818 3652 Saeo.
835 3603 860 3650 11
875 3592 889 3668 t
902 3594 929 3658 6,
945 3592 1161 3666 Schroeekhius‚
1177 3594 1288 3654 Oleast-

244 3693 315 3751 licte
329 3693 367 3750 K.
384 3692 417 3751 G.
433 3691 454 3749 ii
469 3693 536 3765 336.
580 3690 653 3748 Cum
670 3690 820 3766 Apostolis
840 3689 1021 3748 familiariter
1038 3699 1184 3750 versatum
1203 3691 1291 3753 fuisse

243 3790 388 3848 affimrant
409 3789 548 3859 Socrates,
571 3787 609 3846 H.
627 3787 659 3845 E.
675 3787 705 3844 vi
720 3789 747 3860 8,
768 3795 798 3846 et
819 3787 1048 3864 Chrysostomus,
1065 3788 1083 3846 l.
1099 3809 1122 3847 c.
1143 3793 1291 3864 Σοκγένσο

245 3894 299 3947 τοῖς
321 3889 491 3946 'Anemosa
517 3888 638 3960 γνησίως,
663 3889 704 3943 καὶ
730 3891 781 3942 τῶν
805 3893 977 3956 πνευματικῶν
1000 3889 1114 3958 ναμάτων
1136 3888 1288 3947 ἇττὶλαυσκν.

244 3989 349 4046 Ὀποῖον
362 3987 407 4043 οὖν
419 3984 482 4043 εἶναι
495 3988 561 4043 εἰκὸς
576 3988 620 4042 τὸν
633 3986 788 4060 ἔντραφέντα
804 3985 914 4050 ἰκτίνοις,
929 3987 970 4041 eat
988 3991 1118 4058 πανταχοῦ
1135 3991 1291 4061 ονγγκνόμε·

245 4110 297 4157 νον,
317 4087 358 4142 καὶ
376 4085 459 4158 ῥητῶν
478 4087 517 4140 καὶ
538 4082 689 4157 ἀπορρήτων
708 4085 793 4140 circis
813 4083 1006 4154 savaricum,
1025 4083 1066 4140 sul
1085 4083 1210 4154 τοσαῦιηο
1229 4081 1291 4140 εἶναι

244 4185 353 4254 δόξαντα
366 4184 451 4239 αὐτοῖς
463 4182 545 4255 ἀρχῆς
557 4182 645 4250 ὅξοονς

285 4293 299 4323 0
312 4301 406 4338 unam
415 4275 591 4359 Epistolom]
607 4278 803 4356 Hieronymus
817 4278 948 4338 ordinem
961 4278 1097 4357 neglexit,
1106 4286 1136 4337 et
1147 4278 1292 4355 Epistulas

245 4387 356 4456 septem
373 4397 539 4436 enumerare
556 4383 716 4449 contentus,
730 4377 891 4451 promiscue
908 4377 1016 4437 retulit.
1058 4377 1094 4434 In
1109 4376 1216 4435 Codice
1229 4375 1291 4435 Me·

244 4477 327 4535 diseo
342 4476 451 4535 Graeco
466 4483 563 4534 autem
577 4481 607 4533 et
617 4475 708 4533 veteri
718 4474 849 4533 versione
864 4475 967 4533 Latina
979 4474 1026 4534 hic
1040 4482 1083 4534 est
1096 4474 1187 4533 ordo:
1212 4486 1243 4532 1⁰
1254 4475 1292 4533 ad

247 4574 426 4655 Smyrnaeos,
442 4584 474 4630 20
486 4573 523 4630 ad
542 4572 739 4650 Polycarpum,
755 4584 788 4647 30
800 4573 837 4630 ad
857 4572 1005 4650 Ephesios,
1020 4584 1053 4643 4⁰
1065 4573 1102 4631 ad
1119 4571 1291 4649 Magnesios,

246 4685 281 4747 5⁰
293 4673 330 4731 ad
348 4670 605 4747 Philadelphenses,
620 4674 653 4728 6⁰
665 4671 704 4730 ad
719 4670 886 4729 Trallianos.
930 4671 1006 4728 Nam
1028 4669 1160 4746 Epistola
1178 4670 1215 4728 ad
1234 4671 1292 4729 Ro

247 4790 355 4842 manos,
370 4768 437 4846 quia
449 4767 532 4827 Actis
550 4769 682 4846 martyrii
696 4768 843 4847 ignatiani
863 4769 972 4826 inserta
992 4768 1106 4847 legitur,
1121 4769 1152 4827 in
1169 4769 1219 4828 illa
1232 4769 1291 4829 eol-

246 4868 368 4928 lectione
388 4867 493 4925 omissa
514 4874 565 4926 est.
607 4903 815 4929 ssssss
846 4867 965 4925 Praeter
984 4866 1036 4926 has
1055 4875 1168 4945 septem
1181 4867 1292 4945 Ignatii

245 4972 292 5024 τοῦ
305 4969 440 5040 esopo
457 4963 609 5041 Epistulas,
623 4964 697 5022 solas
718 4963 885 5040 antiquitati
903 4964 1065 5041 primitivae
1082 4965 1219 5044 cognitas,
1233 4986 1292 5025 non

247 5071 361 5123 lantum
383 5069 499 5121 exstant
516 5062 582 5120 illae
599 5061 716 5120 eaodem
734 5061 881 5137 Epistolae
895 5062 926 5141 (a
946 5083 1003 5140 quo
1025 5071 1054 5123 et
1074 5083 1132 5141 quo
1152 5071 1290 5140 tempore,

247 5172 313 5221 urite
328 5161 361 5219 A.
373 5161 404 5220 C.
419 5164 477 5232 580
492 5159 601 5231 saltem,
616 5179 674 5217 non
688 5178 755 5218 sane
770 5160 894 5237 constat)
909 5161 1117 5238 interpolatam
1138 5161 1290 5221 sedetiam
