3250 6617
402 939 447 1003 liv
647 935 977 1000 RECENTIORUM
1000 935 1020 997 J
1024 934 1185 998 UDICIA

404 1110 438 1172 in
461 1080 573 1172 Museo
596 1107 778 1173 Britannico
800 1118 1028 1172 asservatomm
1049 1113 1154 1171 custos
1175 1106 1339 1183 secundus,
1357 1105 1445 1191 typis

404 1211 639 1277 exscribendam
657 1211 788 1289 curavit,
803 1218 836 1274 et
850 1218 975 1274 textum
990 1210 1145 1274 Graecum
1161 1209 1297 1294 Syriacis
1316 1231 1444 1293 respon-

404 1319 531 1383 dentem
552 1319 761 1397 concinnavit,
776 1319 809 1383 in
832 1320 911 1384 libro
933 1319 1100 1402 inscripto:
1129 1320 1187 1382 Tlee
1202 1319 1327 1382 Antient
1340 1319 1446 1403 Syriae

410 1423 530 1485 Version
552 1424 590 1507 (ff
607 1423 655 1485 tte
676 1423 808 1503 lla-istles
830 1425 868 1508 ο]
885 1423 928 1485 St.
945 1423 1084 1504 [plentius
1105 1429 1134 1484 to
1157 1423 1200 1484 Se.
1216 1423 1376 1505 Polycarp,
1397 1422 1447 1484 tle

404 1526 578 1607 Ephesiam,
593 1528 656 1588 ond
677 1527 725 1588 tle
742 1527 883 1604 Romans,
900 1528 1028 1607 topetler
1047 1526 1119 1589 wilk
1139 1526 1280 1588 Ertracte
1290 1527 1376 1609 from
1398 1525 1447 1587 leis

405 1630 545 1711 Epistles,
566 1631 617 1713 &a
641 1629 735 1691 Loard.
756 1629 848 1712 1845.
893 1631 987 1691 Anno
1010 1629 1137 1693 demum
1155 1628 1248 1714 1849,
1263 1627 1389 1692 uberius
1410 1650 1447 1690 ac

405 1731 504 1795 fusius
530 1731 703 1814 disputavit
733 1731 767 1794 in
796 1731 875 1795 libro
902 1731 1051 1815 inscripto
1078 1732 1198 1815 Corpus
1228 1730 1445 1815 Ignatianum.

314 1826 321 1853 ⁸
406 1834 455 1898 De
476 1834 654 1913 lectoribus,
674 1835 788 1918 quibus
810 1857 874 1898 non
896 1835 1033 1919 contigit
1055 1834 1181 1919 linguae
1204 1834 1349 1919 Syriacae
1371 1856 1446 1917 eog-

405 1937 496 2015 nitio,
518 1937 635 2020 optime
662 1942 808 2015 meretur,
831 1937 924 2021 quod,
948 1938 1125 2002 Literarum
1150 1935 1358 2000 Orientalium
1381 1935 1448 2019 ipse

405 2041 488 2105 inter
502 2063 616 2124 paucos
631 2062 760 2123 gnarus,
772 2041 946 2104 versionem
963 2041 1141 2126 Anglicam,
1153 2045 1329 2104 accuratam
1345 2038 1447 2122 magis

406 2166 500 2227 quam
515 2144 692 2227 elegantem
707 2144 856 2208 conficere
871 2144 1021 2228 dignatus
1036 2145 1089 2222 sit,
1104 2166 1183 2228 (puae
1199 2166 1288 2207 voces
1304 2141 1448 2226 Syriacas

406 2245 447 2309 ad
460 2245 584 2309 literam
604 2255 671 2310 tam
691 2270 794 2330 presse
815 2247 952 2311 redditas
967 2247 1105 2325 exhibet,
1121 2254 1158 2310 ut
1173 2253 1327 2330 quantum
1341 2251 1448 2329 posset

406 2349 568 2413 nobiscum
583 2340 789 2413 eruditionem
804 2373 893 2413 suam
909 2350 1097 2441 praeclaram
1116 2349 1252 2434 benigne
1273 2348 1447 2413 communi-

406 2450 523 2515 cavisse
547 2452 700 2516 videatur.
746 2453 785 2515 In
813 2452 1007 2516 Curetouum
1037 2451 1260 2516 animadvertit
1288 2474 1352 2514 non
1380 2450 1448 2515 sine

406 2554 549 2617 acumine
571 2560 603 2618 et
625 2554 798 2618 eruditione
822 2555 955 2638 scriptor
979 2577 1155 2639 anonymus
1178 2553 1211 2616 in
1236 2575 1364 2617 censura
1389 2552 1447 2616 tri-

408 2657 527 2735 mestri,
543 2658 669 2740 Enplish
688 2658 817 2736 Reeiew,
833 2659 904 2721 Dec.
922 2658 1014 2742 1845,
1030 2658 1134 2720 minus
1156 2656 1230 2720 felix
1252 2656 1286 2718 in
1307 2679 1342 2719 eo
1365 2655 1448 2739 quod

409 2758 525 2843 Syrum
549 2760 713 2843 pravitatis
737 2760 909 2825 haereticae
934 2759 1172 2824 insimulaverit.
1230 2758 1327 2842 Cujus
1352 2780 1446 2842 argu·

408 2861 523 2925 mentis
539 2862 714 2926 Curetonus
729 2863 763 2926 in
778 2864 882 2927 libello
898 2863 1050 2947 singulari
1066 2861 1234 2946 respondit.

327 3002 352 3034 n.
451 2964 609 3029 Curetono
632 2965 721 3029 nobis
742 2967 926 3049 persuadere
946 2965 1072 3030 conanti
1087 2965 1271 3028 Versionem
1289 2964 1370 3027 hanc
1388 2963 1447 3048 Sy·

408 3066 524 3131 riacam
545 3091 628 3132 nunc
650 3068 777 3131 demum
799 3068 916 3152 scripta
938 3067 1058 3152 Ignatii
1080 3065 1220 3150 genuina
1240 3065 1396 3143 exhibere,
1416 3071 1450 3128 et

408 3168 514 3231 omnia
528 3190 606 3251 quae
621 3168 655 3230 in
671 3167 788 3232 Graeco
804 3168 907 3231 Textu
922 3174 1029 3231 nostro
1046 3167 1137 3251 plura
1150 3167 1309 3251 leguntur,
1325 3167 1364 3230 ab
1380 3166 1449 3230 aliis

408 3271 503 3334 fuisse
518 3270 634 3349 addita,
649 3270 859 3355 adstipulatus
873 3277 921 3334 est
936 3270 1125 3334 clarissimus
1136 3271 1353 3334 Cnmnmnnns
1369 3270 1448 3333 cm.

409 3376 477 3439 Jos.
495 3376 638 3454 Bunsnn,
656 3377 821 3441 Bomssiae
844 3377 941 3460 Regis
963 3378 1097 3460 legatus,
1112 3377 1161 3440 vir
1183 3377 1269 3440 nullo
1291 3377 1449 3441 doctrinae

408 3501 522 3562 genere
544 3501 607 3542 nou
629 3479 813 3557 excultus,e
835 3481 923 3564 cujus
946 3479 1101 3556 manibus,
1116 3502 1144 3542 a.
1166 3478 1259 3560 1847,
1274 3479 1351 3542 exiit
1371 3479 1450 3543 liber

409 3582 587 3666 inscriptus,
603 3583 662 3645 Die
679 3583 743 3645 drei
763 3584 869 3645 deleten
889 3584 954 3645 and
969 3583 1017 3645 die
1036 3583 1099 3644 viar
1118 3582 1265 3644 andeliae
1280 3582 1385 3666 Blaeso
1399 3583 1450 3645 des

409 3686 547 3766 Ipnotius
569 3708 623 3748 con
643 3686 829 3748 Antiochen.
888 3686 1102 3767 Herqestellter
1125 3687 1189 3748 und
1212 3684 1450 3766 Verpleicleader

411 3791 482 3853 Text
506 3791 561 3852 mle
583 3791 815 3870 Anmerlanpen.
872 3790 934 3852 Mic
956 3789 1159 3870 anpeldnpten
1184 3788 1340 3851 deutschen
1365 3788 1450 3851 Peste

410 3895 463 3956 der
483 3894 547 3956 deci
569 3895 674 3955 dclten
693 3894 807 3977 Briefe.
853 3892 1013 3975 Epistolae
1036 3914 1157 3975 quoque
1179 3898 1299 3975 septem
1320 3915 1340 3955 a
1360 3892 1448 3954 Bun·

410 3996 495 4061 senio
510 3997 550 4059 ad
564 3996 749 4059 Neandrum
765 3996 948 4080 prodierunt
963 4018 1034 4058 cum
1052 3995 1110 4058 hac
1130 3994 1342 4079 inscriptione,
1357 3997 1449 4077 Ipne-

410 4100 471 4164 tius
488 4122 544 4162 eon
558 4099 734 4162 Antiochi-en
752 4101 817 4162 rand
831 4099 911 4161 aeine
925 4098 999 4161 Zeia
1045 4097 1085 4160 In
1103 4098 1297 4162 Praefatione
1312 4099 1392 4162 tomi
1406 4099 1448 4163 iv.

411 4203 511 4280 Libri,
525 4203 709 4285 Hippolytus
729 4205 792 4264 aad
811 4202 859 4264 his
873 4207 944 4282 Ape,
960 4225 1011 4285 pp.
1028 4201 1136 4277 xxviii,
1152 4225 1180 4264 a.
1199 4201 1291 4285 1852,
1312 4201 1352 4265 ad
1376 4224 1449 4265 con-

410 4305 593 4370 troversiam
617 4305 711 4369 rediit
735 4310 772 4368 ut
798 4303 999 4368 Petermanni
1024 4310 1056 4367 et
1082 4302 1237 4367 Churtoni
1262 4311 1450 4388 argumenta

409 4410 554 4473 elevaret.
579 4408 619 4470 In
629 4407 790 4471 Analectis
800 4405 1085 4484 Ante-Nicaenis,i
1100 4430 1152 4490 pp.
1162 4424 1302 4493 43-53,
1314 4431 1342 4470 a.
1357 4408 1449 4491 1854,

410 4511 507 4574 trium
531 4510 743 4594 Epistolarum
768 4514 903 4587 textum,
928 4510 1029 4572 denuo
1052 4509 1091 4571 ad
1115 4509 1303 4593 exemplaria
1325 4510 1394 4595 Syr.
1417 4517 1451 4574 et

411 4614 540 4676 Armeu.
563 4612 771 4697 recognitum,
793 4612 945 4675 exhibuit.

361 4752 386 4784 n.
456 4716 528 4778 lun.
547 4716 654 4779 Hans.
672 4717 919 4792 murmannus,
940 4714 1036 4778 Univ.
1059 4716 1160 4778 Berol.
1180 4715 1337 4779 Professor
1358 4717 1449 4779 Extr.

411 4820 510 4884 Acad.
535 4822 664 4884 Armcn.
692 4821 847 4884 Mechith.
873 4820 992 4896 Socius,
1022 4819 1179 4902 Epistolas
1206 4843 1284 4904 quae
1307 4821 1451 4884 feruntur

412 4946 475 4987 uua
503 4946 574 4988 cum
603 4923 759 5008 Martyrio
789 4924 898 5001 edidit,
928 4922 1049 4986 collatis
1079 4922 1282 4987 Versionibus
1313 4923 1450 5008 Syriaca,

411 5026 608 5105 Armeniaca,
624 5027 755 5091 Latinis.
