3250 6617
547 1064 609 1129 AD
632 1063 923 1143 CORINTHIOS,
939 1088 968 1128 v.
1239 1070 1282 1131 25

284 1239 329 1315 V.
349 1238 424 1314 Sed
440 1247 485 1312 ut
500 1247 627 1313 vetera
643 1238 811 1338 exempla
826 1238 1082 1339 relinquamus,
1099 1241 1147 1315 ad
1164 1241 1284 1340 proxi-

241 1384 320 1431 mos
353 1355 511 1431 athletas
544 1355 760 1444 veniamus3
795 1355 929 1430 saeculi
962 1357 1078 1431 nostri
1110 1384 1286 1457 generosa

241 1473 409 1573 exempla
429 1499 681 1573 proponamus.
733 1473 889 1572 Propter
903 1472 1024 1547 zelum
1040 1483 1080 1548 et
1097 1474 1285 1564 invidiam,

241 1592 306 1692 qui
334 1591 516 1665 maximae
541 1600 580 1664 et
601 1589 828 1689 justissimae
854 1589 1073 1686 [Ecclesiae]
1098 1590 1285 1666 oolumnae

241 1718 354 1795 erant,
371 1707 691 1808 persequutionem
716 1706 816 1805 passi
840 1716 939 1794 sunt,
962 1716 1002 1781 et
1023 1717 1205 1782 venerunt
1225 1735 1286 1782 us·

241 1851 313 1924 que
330 1825 378 1899 ad
394 1833 557 1900 mortem.
604 1823 789 1897 Ponamus
806 1823 911 1896 nobis
931 1833 1017 1896 ante
1035 1822 1156 1897 oculos
1172 1823 1286 1898 bonos

242 1941 446 2041 Apostolos.
503 1941 658 2040 Propter
690 1940 810 2014 zelum
843 1940 1011 2040 iniquum
1045 1941 1179 2015 Petrus
1211 1968 1285 2015 non

240 2086 358 2133 unum
378 2069 445 2132 aut
466 2057 633 2145 alterum,
651 2058 716 2133 sed
737 2056 862 2156 plures
883 2056 1025 2131 labores
1046 2056 1208 2145 sustulit,
1230 2068 1285 2132 at

241 2201 312 2274 que
330 2175 384 2249 ita
399 2174 617 2274 martyrium
633 2201 763 2274 passus
779 2174 819 2247 in
831 2172 998 2247 debitum
1014 2172 1149 2272 gloriae
1166 2172 1285 2249 locum

239 2403 440 2476 πρυτουοταρίφ,
474 2405 642 2473 πρωτοτόκου.
707 2399 744 2456 Iu
827 2415 852 2473 7.
865 2401 894 2455 '0
907 2396 1034 2479 Πέτρ]ος]
1053 2398 1221 2457 Rectissime
1234 2397 1288 2455 Ju-

240 2480 369 2538 versione
409 2488 506 2539 tamen
543 2501 595 2539 sua
628 2480 744 2552 lunius,
784 2480 850 2538 nius
864 2481 991 2552 Petrum,
1005 2501 1022 2538 a
1035 2489 1098 2540 tota
1116 2479 1287 2557 antiquitate

240 2564 374 2636 auriolos]
418 2565 477 2622 τοὺς
496 2565 584 2636 ἁγίους
597 2561 694 2619 Fellus
715 2570 744 2620 et
785 2582 852 2620 oum
863 2562 951 2620 Paulo
964 2562 995 2619 in
1006 2561 1144 2638 martyrio
1154 2562 1287 2638 conjunc·

241 2641 425 2702 Colomesius.
472 2645 543 2715 [τοὺς
563 2644 673 2718 apaten
699 2643 745 2701 vel
785 2651 858 2715 tum,
879 2643 925 2701 hio
944 2644 1123 2702 nominatum
1142 2663 1202 2702 asse
1220 2662 1286 2700 oon·

240 2727 300 2783 τοὺς
316 2725 444 2798 &pomis
457 2720 612 2803 Davisius]
657 2727 744 2799 ἁγίους
778 2724 858 2802 jecit.
901 2724 978 2782 Eum
998 2732 1096 2784 nostro
1115 2725 1185 2796 loeo,
1200 2743 1284 2801 quem

242 2803 296 2864 hoo
315 2805 346 2863 in
359 2806 422 2865 loeo
436 2806 589 2884 legendum
603 2825 661 2864 non
682 2825 743 2864 esse
782 2806 921 2876 imitatur,
955 2806 1056 2883 legisse
1088 2806 1202 2865 videtur
1232 2806 1284 2863 Pe-

241 2886 305 2963 quis
317 2887 362 2945 vel
381 2888 476 2965 primo
494 2887 601 2947 intuitu
619 2907 677 2945 non
698 2888 741 2945 vi.
781 2895 845 2946 trus
871 2887 1092 2960 Alexandrinus,
1116 2887 1151 2945 de
1174 2887 1283 2945 Poenit.

241 2968 311 3027 deti
345 2967 389 3027 Eo
416 2969 492 3027 enim
519 2977 657 3045 tempore,
685 2989 742 3046 quo
783 2969 852 3028 Can.
869 2969 907 3026 ix.
924 2969 1029 3029 Routh.
1043 2969 1104 3028 Rel.
1121 2969 1196 3027 Sacr.
1213 2968 1242 3025 iv
1256 2989 1283 3045 p.

242 3048 373 3108 Clemens
395 3051 510 3128 scripsit
532 3050 606 3108 hano
626 3049 741 3126 Episto·
784 3049 1283 3124 34.WINDISOHMANN.Vin(l

241 3131 307 3204 lam,
328 3151 386 3190 vox
405 3135 477 3206 ἅγιος
498 3132 629 3190 omnibus
650 3131 739 3189 fideli·
783 3133 859 3191 Petr.
882 3153 910 3209 p.
932 3148 980 3208 59.
1037 3132 1200 3190 Articulum
1227 3152 1284 3190 non

241 3213 295 3272 bus
318 3213 476 3272 eommunis
496 3213 559 3286 luit,
580 3233 639 3271 non
662 3232 742 3271 secus
782 3213 926 3290 supplevit
935 3214 1055 3286 Juniue;
1074 3215 1175 3271 lacuna
1188 3222 1283 3272 autem

241 3313 275 3352 ae
287 3299 378 3353 πιστός
397 3303 428 3353 et
441 3297 574 3368 ἀδυλφόος
596 3314 648 3353 neo
668 3294 742 3353 obti-
783 3303 826 3354 est
839 3315 898 3366 sex,
910 3295 940 3352 ni
953 3295 1043 3365 fallor,
1059 3296 1213 3353 literarum.
1237 3295 1284 3353 Sic

241 3383 343 3434 nuerat
352 3375 502 3452 peculiaris
512 3376 561 3434 illa
571 3375 655 3452 hujus
664 3376 742 3433 vocis
782 3377 857 3434 infra
876 3398 902 3454 p.
922 3379 959 3434 26
981 3377 1121 3434 l.1Libb.
1138 3376 1221 3452 impr.
1238 3381 1285 3432 Διὰ

169 3459 171 3463 ’
241 3455 502 3534 signifieati0‚quae
516 3465 615 3534 postea
629 3465 742 3534 recepta
782 3463 860 3529 ζῆλον
878 3455 1285 3539 [ὁ]Ποῦλος...υ1υἱιμιυίιιοτ

242 3537 297 3597 fuit
316 3538 347 3596 in
362 3539 495 3611 Ecclesia,
510 3559 568 3616 qus
587 3540 742 3597 denotabat
782 3540 819 3597 ad
834 3541 983 3597 minimum
996 3539 1096 3598 literae
1109 3539 1262 3617 perierunt.

241 3639 298 3690 eos,
309 3620 359 3697 qui
373 3619 425 3678 hac
438 3621 498 3680 vita
511 3620 636 3679 defimeti
650 3620 743 3697 quies·
825 3623 851 3677 8.
874 3618 1039 3701 inp'peyxw]
1065 3620 1112 3678 Sic
1133 3619 1199 3678 dedi
1220 3640 1285 3676 cum

241 3710 311 3759 cunt
324 3702 354 3759 in
369 3701 490 3760 Christo.
534 3701 638 3778 Neque
651 3701 744 3777 magis
783 3701 857 3759 Gall.
883 3711 949 3778 post
977 3702 1050 3758 Mill.
1078 3712 1108 3761 et
1121 3702 1209 3760 Wott.
1236 3701 1284 3778 qui

241 3782 308 3841 huic
321 3783 408 3842 aetati
421 3783 554 3843 convenit
564 3783 609 3840 vel
619 3788 742 3856 πρώτους,
783 3782 978 3841 oodmstum
988 3783 1093 3841 acriter
1102 3782 1286 3859 inspicientes

241 3864 287 3922 vel
301 3868 455 3939 κορυφαίους
466 3868 662 3922 Ἀποστόλουυτ
690 3863 743 3921 hae
783 3873 808 3919 H
823 3863 920 3922 videre
934 3871 1073 3940 poterant.
1104 3863 1201 3922 Hodie
1214 3863 1286 3921 nihil

240 3965 325 4004 voees
331 3945 458 4004 refenmt
466 3953 601 4024 quartum
608 3945 654 4003 vel
663 3944 745 4022 quin·
784 3944 839 4002 nisi
853 3955 899 4000 ΥΠ
913 3952 1010 4004 restat.
1032 3945 1105 4004 Edd.
1117 3965 1181 4003 cum
1196 3945 1215 4003 J
1217 3945 1286 4005 unio

241 4034 305 4086 tum
319 4027 462 4086 monium
472 4027 569 4105 potius
579 4026 744 4104 quamnim·
784 4023 953 4107 ίπ[ίμοικν.]

241 4109 401 4186 plicitatem
433 4109 537 4168 saeculi
571 4108 743 4186 apostolici3
827 4129 852 4183 9.
874 4104 1067 4188 μοριυρ[ἡοοο]
1091 4107 1136 4166 De
1157 4108 1236 4167 Petri
1256 4116 1286 4167 et

241 4189 350 4250 alienae
372 4198 439 4250 sunt
458 4191 495 4250 ab
513 4190 677 4268 apostolicis
690 4189 742 4248 Ps-
785 4189 866 4247 Pauli
879 4189 1017 4267 passionis
1031 4197 1160 4267 tempore
1178 4210 1236 4248 non
1252 4190 1286 4248 li·

241 4273 342 4344 tribus,
351 4272 419 4331 lieet
432 4271 598 4331 haeutatur
611 4271 639 4331 S.
651 4271 742 4347 Chry-
784 4279 860 4348 quet.
904 4270 1036 4348 Synodus
1070 4272 1199 4330 Romana
1231 4271 1286 4329 sub

240 4360 391 4426 metamus,
402 4362 545 4413 oratorem
554 4352 647 4431 magis
656 4372 743 4430 quam
784 4351 899 4411 Gelasio
921 4352 976 4409 ΡΡ.
998 4351 1156 4411 haeretioos
1177 4352 1286 4430 garrire

242 4433 358 4494 Patrem
385 4454 493 4513 agens:
529 4437 634 4509 Πέτρος,
656 4439 671 4491 ό
697 4440 742 4490 τοῦ
782 4432 824 4492 ait
846 4433 964 4492 Petrum
983 4441 1013 4492 et
1034 4433 1153 4492 Paulum
1173 4434 1286 4492 diverso

241 4522 321 4590 χοροῦ
333 4523 385 4572 τῶν
396 4519 549 4574 ὀποστόλοον
558 4517 743 4591 κορίφοιοο,τὸ
783 4522 913 4591 tempore
937 4515 1075 4590 martyrio
1098 4515 1184 4573 fuisse
1207 4534 1286 4572 coro

242 4599 524 4670 οτόμοτῶυμοθοτῶυ,
538 4622 561 4655 κ.
574 4602 632 4655 ιλ.
700 4593 744 4677 [in
783 4603 873 4654 natos.
911 4595 950 4654 Et
962 4605 1058 4655 tamen
1072 4596 1112 4654 sic
1126 4595 1286 4655 sentiebant

242 4676 329 4737 Hom.
348 4679 384 4737 de
401 4679 500 4738 decem
515 4678 637 4737 millium
653 4677 745 4737 talen-
784 4677 917 4735 Justinus
944 4677 1057 4753 Martyr
1084 4686 1113 4736 et
1141 4678 1285 4749 Irenaeus,

240 4765 337 4818 torum
357 4760 504 4834 Debitore‚
524 4761 578 4837 53.
620 4768 689 4818 tom
712 4758 744 4817 iii
784 4758 842 4836 qui,
887 4777 1030 4834 anonymo
1072 4759 1181 4816 Graeco
1222 4757 1283 4817 MS.

241 4860 303 4918 p.4
324 4841 368 4900 ed.
392 4839 475 4922 Bon]
520 4842 630 4916 ἀγαθούς
655 4841 745 4918 igitur
783 4848 867 4911 teste,
886 4839 916 4896 in
935 4839 1045 4897 Libello
1063 4839 1099 4897 de
1117 4838 1287 4899 Certamini·

241 4922 358 4982 omnino
366 4924 547 4983 retinendum
555 4930 606 4982 ost.
619 4921 741 4981 WOT'I'.
783 4923 837 4981 bus
872 4920 952 4980 Petri
985 4928 1015 4979 et
1042 4919 1133 4993 Pauli,
1167 4921 1286 4980 Paulum

242 5002 426 5078 Wetstenim,
443 5005 602 5083 Prolegom.
622 5003 653 5062 in
673 5004 744 5062 duaa
784 5002 909 5081 quinque
919 5001 1001 5061 annis
1011 5011 1078 5080 post
1085 5003 1203 5062 Petrum
1211 5021 1286 5061 mar-

242 5084 387 5162 Epistolas
401 5086 539 5164 Syriacas,
553 5106 581 5164 p.
596 5086 635 5158 ix,
656 5085 744 5163 oonji-
784 5084 861 5162 tyrio
869 5085 1014 5143 sublatum
1022 5104 1091 5156 esse,
1098 5085 1285 5144 tradiderunt.

241 5167 282 5226 cit
295 5170 355 5228 τούς
368 5170 452 5228 θείους
463 5170 646 5227 ’atomum
787 5166 834 5226 Sic
852 5166 1020 5225 Philostrius
1039 5166 1115 5225 inter
1130 5166 1286 5225 haereticos

285 5281 354 5328 VOL.
371 5283 395 5327 1.
841 5283 860 5326 li
