3250 6617
475 1072 534 1137 DE
557 1073 590 1137 S.
607 1073 787 1137 IGNATII
809 1072 1048 1137 EPISTOLIS.
1232 1071 1287 1136 xlv

244 1245 412 1310 Anastasio
445 1245 641 1310 Patriarchae
671 1245 879 1323 Antiocheno,
909 1252 942 1308 et
971 1244 1118 1309 Chronici
1147 1243 1284 1307 Alexan-

245 1348 328 1412 drini
362 1348 603 1412 consarcinatori
639 1355 812 1432 conspecta.
872 1348 977 1412 Tertia
1013 1348 1108 1411 editio
1145 1348 1216 1425 fuit,
1247 1369 1285 1411 ex

246 1452 375 1535 Septem
397 1451 554 1535 genuinis,
575 1458 607 1516 et
633 1451 776 1516 Quatuor
801 1451 884 1515 fictis
905 1474 961 1515 seu
982 1449 1189 1535 supposititiis
1211 1472 1284 1513 con-
1348 1508 1351 1523 ,

245 1555 319 1618 flata
329 1581 339 1632 ;
371 1554 470 1638 qualis
491 1555 525 1617 in
548 1554 692 1619 Mediceo
714 1553 838 1632 Codice,
861 1561 894 1618 et
916 1555 1093 1637 Interprete
1116 1553 1285 1617 Usseriano

244 1664 413 1741 comparet,
450 1657 590 1721 Johanni
626 1658 830 1734 Damasceno,
871 1664 904 1721 et
942 1657 1081 1721 Antonio
1125 1661 1284 1740 usurpata.

245 1760 367 1824 Quarta
392 1760 524 1844 denique
550 1760 622 1838 fuit,
645 1782 683 1823 ex
711 1760 839 1843 Septem
863 1761 1058 1844 interpolatis
1081 1768 1115 1824 et
1138 1758 1285 1841 Quinque

243 1861 451 1945 supposititiis
477 1867 633 1939 constanS,
657 1861 765 1925 addita
789 1862 908 1926 scilicet
933 1863 1076 1946 Epistola
1100 1861 1140 1924 ad
1164 1857 1284 1942 Philip·

243 1987 363 2048 penses,
387 1970 542 2048 postremo
565 1965 632 2030 loco
654 1966 747 2041 ficta;
782 1966 882 2049 qualis
904 1967 938 2030 in
959 1968 1149 2049 Augustano
1171 1962 1286 2027 Codice

243 2075 275 2133 et
299 2069 542 2153 Nydprucciano
572 2074 831 2153 repraesentatur,
855 2075 888 2133 et
913 2093 932 2132 a
954 2070 1085 2153 vulgato
1109 2070 1286 2151 Interprete

242 2172 393 2250 redditur,
409 2172 575 2236 Anastasio
591 2171 786 2257 Pnesbytem,
802 2178 835 2236 et
846 2171 951 2237 Adoni
965 2173 1139 2237 Viennensi
1153 2173 1231 2238 visa.

287 2276 548 2340 Dissertationem
579 2275 700 2339 Dallaei
728 2281 840 2353 totam,
867 2281 985 2359 quanta
1013 2281 1131 2359 quanta
1159 2284 1218 2354 est,
1245 2277 1286 2341 ad

242 2403 372 2445 examen
387 2378 522 2455 vocavit,
537 2378 673 2441 rationes
694 2383 854 2442 momento
873 2402 929 2443 suo
947 2378 1143 2463 ponderavit,
1159 2379 1287 2463 singula

243 2505 321 2567 quae
346 2481 502 2545 Ecclesiae
530 2480 587 2543 SS.
613 2481 723 2544 Patres
753 2480 818 2545 ullo
847 2483 939 2545 modo
970 2487 1113 2565 spectant
1138 2483 1285 2571 encussit,

242 2587 348 2652 omnia
377 2608 454 2670 quae
484 2585 703 2649 auctoritatem
737 2585 769 2648 S.
802 2584 923 2668 Ignatii
953 2587 1135 2650 confirmare
1163 2587 1287 2670 possint

242 2690 396 2774 exposuit,
420 2712 498 2773 quae
524 2688 709 2753 labefactare
731 2689 909 2767 videantur,
931 2689 1046 2753 refellit
1069 2696 1100 2753 et
1124 2690 1284 2754 refutavit.

244 2794 296 2857 Ita
317 2792 411 2857 fidem
433 2816 521 2856 suam
543 2792 678 2876 perfecte
700 2792 845 2870 liberans,
864 2793 1069 2857 hisceverbis
1091 2794 1286 2878 praestitam,

244 2905 265 2935 “
282 2896 391 2960 Quum
406 2918 523 2979 magna
538 2895 706 2980 diligentia
720 2919 794 2958 usus
810 2896 853 2959 sit
868 2896 916 2959 vir
930 2896 1140 2975 doctissimus,
1154 2903 1192 2960 ut
1206 2896 1286 2960 nihil

242 3008 264 3037 “
279 3004 405 3082 ageret3
436 3021 495 3082 ego
517 3021 580 3063 non
602 2998 716 3062 minori
738 2998 817 3061 mihi
840 2999 993 3063 utendum
1015 3001 1136 3084 putavi,
1154 3006 1192 3063 ut
1213 3021 1285 3063 eum

243 3110 264 3139 “
279 3100 358 3164 nihil
372 3101 473 3185 egisse
488 3102 633 3166 omnibus
647 3102 829 3186 appareat.”
855 3101 1074 3168 Vindiciacum
1088 3103 1192 3168 Partis
1207 3111 1285 3181 ΙΝ,

234 3203 318 3288 Cap.
335 3205 365 3267 6.
396 3205 440 3288 [p
457 3223 516 3290 193
539 3204 587 3268 ed.
604 3204 774 3290 Churton.]

370 3403 431 3466 EX
453 3403 667 3467 ALIORUM
691 3402 888 3467 SCRIPTIS
912 3403 1153 3467 EXCERP'PA.

291 3525 337 3609 [J.
360 3525 398 3587 E.
416 3523 536 3602 Grabii,
563 3524 598 3587 in
624 3524 731 3609 Spicil.
758 3524 882 3588 Patr.ii
905 3548 937 3608 p.
957 3526 1024 3610 56.]
1073 3525 1117 3587 Et
1146 3547 1220 3589 sanc
1248 3524 1281 3587 id
1294 3539 1411 3600 aniun,

242 3626 388 3691 omnibus
400 3631 538 3710 apparet,
551 3626 611 3690 nisi
626 3626 813 3711 praejudicio
829 3627 964 3711 quodam
979 3627 1167 3712 praepeditis
1181 3632 1283 3691 metu·
1321 3602 1392 3671 ¹⁶⁹⁹·

242 3754 313 3816 que,
336 3755 385 3809 ne,
408 3731 435 3794 si
458 3732 490 3794 S.
507 3731 660 3815 Martyris
682 3731 840 3815 Epistolas
862 3731 1044 3811 admittant,
1066 3755 1129 3795 una
1151 3755 1224 3796 cum
1245 3731 1284 3796 iis

242 3857 365 3898 sacrum
387 3834 604 3918 Episcopalem
626 3833 789 3912 Ordinem,
812 3857 906 3919 quem
932 3835 1026 3898 semel
1050 3835 1129 3898 citra
1151 3836 1282 3899 necessi·

241 3942 342 4001 tatem
371 3943 488 4000 temere
519 3938 710 4020 abjecerunt,
740 3943 773 4001 et
801 3937 904 4001 adhuc
933 3944 1088 4015 recusant,
1118 3938 1284 4003 admittere

242 4045 419 4117 teueantur,
442 4063 461 4103 a
486 4040 518 4103 S.
542 4040 713 4124 Apostolis,
736 4048 768 4104 et
789 4041 919 4125 proinde
943 4042 982 4105 ab
1007 4040 1075 4125 ipso
1100 4041 1222 4125 Spiritu
1248 4041 1282 4105 S.

243 4142 436 4207 institutum.
483 4142 579 4206 Hunc
605 4143 689 4207 enim
713 4143 947 4209 Ecclesiasticus
973 4144 1140 4229 dignitatis
1163 4144 1283 4228 apicem

242 4246 277 4309 in
291 4247 377 4310 omni
391 4246 534 4331 Epistola
548 4246 657 4310 laudat
672 4248 710 4310 B.
728 4248 865 4333 Martyr,
881 4248 954 4313 huic
973 4272 1081 4313 omnes
1095 4249 1129 4311 in
1144 4248 1284 4312 Ecclesia

242 4350 397 4435 subjectos
419 4372 485 4414 esse
507 4350 588 4428 vult,
610 4350 707 4416 immo
729 4353 796 4416 sine
818 4354 878 4416 hoc
899 4375 940 4417 ne
961 4352 1089 4438 quidem
1110 4352 1283 4417 Ecclesiam

242 4530 338 4579 curioso
348 4528 566 4589 communicatum,
580 4544 637 4577 oum
647 4529 796 4578 assumentis
808 4529 852 4578 diu
863 4536 920 4594 post
930 4530 1066 4579 Eusebium
1082 4530 1157 4579 immo
1173 4536 1199 4578 et
1211 4530 1283 4579 Gela-

242 4612 306 4660 sium
317 4612 396 4670 factis‚
409 4610 533 4676 Epistulas
544 4610 591 4659 hoc
600 4611 686 4659 ordina
696 4617 892 4676 repraesentans.

373 4694 435 4758 Πρὸς
444 4695 610 4757 Τριλλησίους
619 4700 648 4743 Α.

373 4777 434 4840 Πρὸς
446 4776 599 4837 Μαγνησίους
610 4783 636 4825 B.

372 4859 433 4922 Πρὸς
443 4859 601 4920 §Menoeis
612 4864 637 4906 Γ.

372 4943 433 5004 Πρὸς
445 4941 587 5004 Ξμνρναίους
598 4948 626 4990 Δ.

373 5023 434 5085 Πρὸς
444 5022 601 5084 usitamus
612 5024 742 5073 ἐπίσκοπον
753 5024 860 5088 Σμύρνης
873 5029 898 5071 Ε.

372 5105 434 5168 Πρὸς
444 5104 569 5168 Ἐφεσίους
582 5117 607 5153 s.

373 5188 434 5251 Πρὸς
444 5187 568 5249 Ῥωμαίους
580 5196 605 5237 Ζ.
868 5189 999 5237 Phlason.
