3250 6617
567 1115 622 1177 11
651 1113 988 1203 FORMULARUM.
1300 1119 1344 1184 97

205 1283 331 1355 Πέλαγος.
367 1283 438 1337 ἔπλει
458 1283 488 1335 τὸ
507 1281 655 1352 Ἀδριατικὸν
674 1281 753 1336 πέλα·
794 1280 975 1351 Περιβάλλειν.
1007 1278 1082 1335 τούς.
1096 1321 1103 1332 .
1116 1321 1122 1332 .
1136 1278 1344 1352 δουλεύονταςτῷ

246 1387 299 1436 γος.
322 1360 406 1419 Mart.
424 1361 486 1438 Igu.
504 1375 530 1434 5.
836 1364 894 1435 θεῷ
909 1362 944 1417 ει’ς
957 1360 1038 1414 αίκίαν
1050 1361 1207 1432 περιβαλεῖν.
1225 1357 1343 1416 clem]

204 1445 299 1513 Πέλας,
313 1448 334 1500 ὁ.
367 1447 396 1498 τὸ
410 1446 472 1498 κατὰ
485 1445 544 1500 τοὺς
557 1442 646 1507 πέλας,
666 1439 751 1498 Mart.
836 1457 882 1513 45.

247 1525 340 1600 Polyc.
361 1543 384 1580 1.
795 1527 958 1593 Περιβόητος.
993 1524 1023 1576 τὸ
1047 1525 1140 1592 σεμνὸν
1161 1529 1202 1576 καὶ
1222 1525 1343 1595 περιβόη-

205 1608 323 1676 Πέμπειν.
359 1609 440 1662 πάντα
456 1608 506 1678 γάρ
524 1605 554 1659 ὃν
569 1605 661 1674 πέμπει
682 1608 697 1659 ὁ
717 1606 753 1659 αι’·
835 1627 880 1658 τον
894 1647 917 1660 ..
934 1605 1030 1673 .ὅνομα
1054 1605 1129 1672 ὑμῶν.
1158 1601 1249 1661 Olem.
1276 1601 1291 1658 Ῑ
1323 1623 1345 1660 1.

245 1690 407 1756 κοδεαπότης.
430 1685 493 1762 Ign.
510 1685 582 1761 Eph.
600 1687 626 1741 6.
663 1688 697 1743 ὧς
710 1688 754 1740 αὖ·
836 1688 866 1739 τὸ
880 1687 973 1754 σεμνὸν
985 1688 1029 1754 τῆς
1046 1685 1198 1756 περιβοήτου
1218 1686 1346 1756 φιλαδελ.

245 1772 290 1823 τὸν
303 1772 347 1823 τὸν
357 1769 504 1841 πέμψαντα.
520 1766 557 1823 ib.
588 1769 618 1821 τὸ
631 1770 753 1839 χάρισμα,
836 1768 899 1837 φίας
912 1767 986 1835 ὑμῶν.
1010 1779 1057 1837 47.

246 1849 414 1922 θπέπομφεν
431 1851 530 1918 άληθῶς
543 1853 558 1904 ὀ
573 1847 681 1921 Κύριοςι
708 1862 753 1920 17.
795 1847 935 1919 Περιβολη.
978 1845 1026 1915 ὕλη
1044 1847 1059 1915 ἦ
1077 1853 1128 1902 τῶν
1146 1848 1289 1902 ἇσπαστῶν
1306 1849 1347 1902 καὶ

245 1935 287 1986 καί
313 1932 342 1986 ὃν
365 1931 497 2003 ἐπέμψατε
522 1932 558 1987 είς
581 1934 647 1985 θεοῦ
673 1929 753 1999 τιμὴν.
836 1929 889 1983 κατ’
903 1930 978 1998 εὐχὴν
990 1930 1116 2000 περιβολὴ
1129 1927 1231 2001 γίνεται.
1254 1927 1343 1986 Olem.

249 2029 295 2068 21.
337 2015 399 2066 κατὰ
421 2015 503 2067 πάντα
526 2012 696 2083 εὐηρέστησεν
718 2015 754 2086 τῷ
836 2007 950 2085 Fragm.
963 2007 1001 2065 iv.

246 2095 378 2166 πέμψαντι
394 2095 475 2148 αὐτόν.
498 2091 594 2168 Magn.
611 2093 637 2147 8.
672 2095 697 2146 αιι
713 2094 755 2164 ἔγ-
796 2089 936 2162 Περιέχειν.
971 2091 1021 2145 α’πὸ
1034 2095 1080 2145 τοῦ
1093 2092 1254 2162 περιέχοντος
1269 2092 1346 2161 αιίτὴν

245 2198 324 2248 γιστα
350 2174 480 2243 ἐκκλησίαι
506 2175 625 2244 έπεμψαν
651 2174 753 2228 ἐπισκό-
836 2171 933 2229 ὕδατος.
957 2170 1079 2228 Clem.l
1101 2189 1147 2245 33.
1190 2171 1346 2244 Περιέχουσι
1454 2197 1456 2200 ·

248 2279 318 2313 παυς.
343 2254 514 2312 Philad.10.
551 2254 673 2327 Bo6ppov,
693 2277 755 2323 πεμ-
836 2259 887 2325 γάρ
907 2254 995 2308 πίπτω
1015 2255 1056 2308 καὶ
1078 2253 1211 2322 ὑπομονήν.
1249 2251 1343 2328 Polyc.

247 2339 357 2409 φθέντος
386 2338 437 2407 ἅμα
467 2338 529 2406 έμοί.
566 2354 609 2392 11,
655 2334 757 2405 πέμψαι
838 2332 911 2390 Phil.
930 2352 973 2406 13.

246 2421 303 2473 τινὰ
324 2424 374 2472 τῶν
395 2417 521 2490 ὑμετέρων
541 2417 594 2486 μετ’
611 2417 755 2489 έπιστολῆς.
795 2417 968 2488 Περιιατάναι.
1004 2417 1038 2472 ὦς
1051 2417 1091 2469 καὶ
1104 2415 1163 2471 τοὺς
1176 2422 1348 2488 περιεστῶτας

247 2498 362 2574 Smym.
382 2517 425 2554 11.
468 2501 492 2554 οί
505 2499 551 2567 μέν
564 2499 695 2567 δυνάμενοι
710 2521 756 2553 πε·
839 2498 925 2552 ε’λεεῖν.
949 2494 1034 2553 Mart.
1051 2494 1145 2570 Polyc.
1164 2514 1189 2552 2.

248 2583 306 2648 (οὺς
324 2581 433 2653 πέμψαι.
464 2578 556 2654 Polyc.
577 2581 605 2635 8.
648 2579 689 2633 διὰ
708 2585 758 2633 τῶν
797 2579 966 2650 Περικεῖσθαι.
1002 2577 1156 2650 Ἀμαῦρωσιν
1176 2577 1220 2633 οὖν
1240 2578 1348 2650 περικιί-
1450 2588 1461 2607 ‘

248 2663 298 2717 ὑπό
316 2684 365 2716 σου
381 2661 552 2731 πεμπομένων.
575 2659 612 2716 ib.
655 2662 758 2715 καὶτοῦ
837 2683 914 2728 μενοι.
937 2657 1028 2716 Clem.
1045 2658 1079 2715 ΙΙ
1097 2676 1119 2713 1.
1160 2658 1347 2732 θπερικείμεθα

247 2743 390 2812 πέμποντος
413 2744 488 2797 αι’πὸν
510 2744 686 2814 Παλυκάρπου.
717 2739 754 2798 ib.
839 2742 922 2813 νέφος.
945 2739 985 2798 ib.
1027 2746 1072 2796 τοῦ
1090 2739 1184 2811 κλήρου
1197 2741 1347 2814 οὕπερίκει-

248 2823 278 2878 ὃν
298 2825 396 2896 πεμψω
419 2823 615 2895 πρεσβεύσαντα
638 2824 679 2876 καὶ
699 2825 757 2895 περὶ
839 2845 883 2890 μαι
897 2823 1031 2894 ἐπιτυχεῖν.
1054 2820 1116 2898 Igu
1132 2819 1216 2878 Trall.
1237 2841 1280 2878 12.

248 2907 326 2974 ὑμῶν,
349 2903 442 2980 Polyc.
460 2903 533 2961 Phil.
553 2922 596 2977 13.
639 2905 689 2962 Τὰς
702 2904 756 2959 έπι-
798 2905 996 2975 Περικεφαλαία.
1031 2904 1147 2973 ηπίστις
1160 2905 1194 2961 έις
1209 2907 1347 2976 περικιφα-

248 2988 377 3043 στολὸς..
391 2989 454 3044 .τι“ις
466 2988 635 3058 πεμφθείσας.
651 2983 690 3042 ib.
718 2987 759 3041 καί
839 2985 905 3039 λαία
930 2982 992 3060 Ign.
1009 2983 1103 3061 Polyc.
1120 2984 1146 3039 6.

248 3068 344 3125 ἄλλος.
356 3111 362 3123 .
376 3112 381 3123 .
393 3069 543 3140 ἐπέμψαμεν
556 3069 620 3137 ὑμῖν.
636 3065 673 3123 ib.
695 3067 758 3135 πέμ·
799 3067 964 3138 Περιλείπειν.
1000 3068 1031 3120 τὰ
1047 3066 1189 3139 τραχύτερα
1204 3070 1346 3122 τῶν...λει-

248 3151 300 3221 ψαι
319 3172 347 3203 τε
366 3153 411 3204 τὸν
429 3152 520 3204 έαυτοῦ
539 3148 638 3222 κήρυκα.
669 3147 757 3205 Mart.
840 3148 1115 3219 ψάνωνπεριελείφθη.
1138 3144 1223 3204 Mart.
1241 3146 1303 3224 Igu.
1318 3149 1344 3204 6.

251 3229 344 3304 Polyc.
365 3248 408 3286 12.
799 3229 951 3300 Περιμένειν.
987 3229 1131 3300 περιέμενεν
1142 3230 1192 3301 γάρ
1209 3228 1249 3284 ἰ’να
1264 3252 1345 3302 παρα·

208 3310 297 3379 Πένης.
319 3314 353 3381 μὴ
363 3312 513 3379 ἀμελοῦντες
525 3353 530 3364 .
542 3354 548 3366 .
560 3354 565 3365 .
576 3312 688 3379 πένητος.
705 3309 757 3367 Ρο-
839 3309 907 3377 δοθη.
931 3307 1017 3366 Mart.
1030 3308 1126 3384 Polyc.
1142 3327 1167 3363 1.

248 3389 425 3465 lyc.Phil.6.
798 3390 956 3461 Περιαθσιος.
1000 3393 1040 3444 καὶ
1067 3391 1130 3460 ημας
1157 3390 1188 3444 δι’
1209 3392 1286 3446 αὐτοῦ
1311 3393 1348 3448 είς

207 3473 319 3528 Πενθεῐν.
361 3474 402 3528 έπλ
425 3477 478 3529 τοῖς
500 3476 687 3544 παραπτώμασι
702 3516 708 3527 .
726 3514 755 3528 ..
838 3472 901 3524 λαὸν
913 3470 1065 3541 περιούσιον.
1088 3469 1207 3528 0161111
1218 3473 1267 3542 58.

249 3554 381 3608 έπενθεῖτε.
404 3551 493 3611 Olem.
509 3551 524 3608 I
541 3570 567 3607 2.
797 3556 957 3623 Πιριπατεῖν.
1000 3554 1040 3606 καὶ
1052 3556 1179 3621 μηλωταῖς
1194 3555 1344 3624 περιεπάτη·

207 3636 294 3690 Πενία.
330 3638 443 3692 πλοῦτος
459 3636 582 3691 πολλάκις
596 3637 696 3704 μᾶλλον
711 3658 756 3690 πε·
838 3655 896 3688 σαν.
920 3632 1008 3690 Clem.
1024 3630 1039 3687 I
1057 3645 1101 3705 17.
1141 3631 1201 3689 ε’ίτις
1221 3634 1249 3688 έν
1266 3635 1345 3688 ἄλλο·

250 3717 302 3774 νίας
315 3717 416 3789 έθλιψε.
440 3714 528 3773 Olem.
546 3713 659 3791 Fragm.
675 3714 711 3772 iv.
839 3715 895 3784 τρία
915 3717 1001 3787 γνώμη
1024 3718 1163 3786 περιπατεῖ.
1194 3712 1256 3790 Igu.
1278 3713 1345 3771 Phi-

208 3801 383 3854 Πεντακόσιοι.
409 3798 489 3867 ζῇέτη
497 3800 657 3852 πεντακόσια.
668 3795 756 3854 Olem.
838 3792 931 3865 1264.
963 3796 1040 3864 άξίως
1049 3797 1304 3865 τῆςέντοληςαῦτοΰ.
1317 3841 1344 3853 ..

250 3878 329 3950 125.
838 3881 991 3948 περιπατεῖν.
1026 3875 1120 3952 Polyc.
1150 3875 1221 3933 Phil.
1251 3893 1277 3950 5.
1320 3880 1348 3934 ἐν

210 3959 438 4016 Πεντακοσιοστός.
462 3964 678 4015 πεντακοσωστοῦ
687 3961 759 4017 έτους
838 3962 902 4031 όγνῇ
916 3958 1060 4027 συνειδήσει
1072 3963 1226 4030 περιπατεῖν.
1248 3958 1286 4017 ib.

249 4042 454 4112 πεπληρωμένον.
475 4038 564 4097 Clem.
578 4039 594 4095 I
609 4054 655 4112 25.
797 4041 970 4110 Περιπίπτειν.
1002 4040 1121 4096 θέλουσα
1140 4043 1239 4109 μᾶλλον
1258 4042 1347 4098 αίκίαις

207 4122 434 4195 Πεντηκόνταρχας.
480 4123 538 4176 οὐδέ
572 4121 757 4194 έκατόνταρχοι,
838 4122 1004 4192 περιπίπτειν.
1028 4119 1213 4193 Clem.151.

250 4204 308 4258 οὐδέ
321 4206 539 4276 πεντηκόνταρχοι.
562 4199 651 4259 Clem.
669 4201 744 4276 137.
797 4206 948 4273 Περιποιεῖν.
977 4202 1042 4276 μέγα
1056 4202 1129 4260 κλέος
1141 4204 1168 4257 έν
1182 4203 1344 4278 Κυρίιμπερι·

207 4284 343 4357 Πέπειρος.
367 4285 395 4338 έν
407 4289 484 4360 καιρῷ
497 4285 577 4359 ὀλίγης
591 4285 627 4342 είς
639 4284 759 4358 πέπειραν
838 4282 979 4353 ποιήσεται
1002 4282 1091 4341 Clem.
1105 4282 1121 4339 Ῑ
1137 4297 1183 4355 54.

249 4371 365 4438 καταντᾷ,
387 4363 476 4422 Olem.
489 4364 506 4420 l
519 4382 564 4438 23.
796 4363 992 4436 Περιπτῦσσειν.
1025 4369 1261 4437 περιπτυσσόμενον
1282 4365 1346 4435 ἡμας

207 4448 372 4517 Πεποίθησις.
410 4446 465 4518 μετ’
490 4449 614 4515 εὐσεβοῦς
635 4447 755 4518 πεποιθή-
836 4446 985 4514 έβλέπομεν.
1012 4445 1096 4503 Man.
1113 4445 1176 4522 Ign.
1193 4458 1219 4519 7.

249 4550 322 4586 σεως.
349 4527 437 4586 Olem.
461 4529 474 4585 I
499 4547 524 4584 2.
567 4530 758 4585 δουλευσάντων
795 4525 968 4598 Περίπτωσις.
1002 4530 1139 4600 συμφορὰς
1159 4528 1199 4582 καὶ
1218 4531 1344 4600 περιττοί-

249 4610 276 4663 έν
292 4609 441 4679 πεποιθήσει
458 4611 570 4666 πίστεως
582 4611 684 4683 άγοθῆς.
708 4610 753 4665 26.
836 4629 897 4664 σεις.
924 4605 1013 4665 Olem.
1029 4606 1046 4663 I
1064 4626 1090 4665 1.

248 4690 335 4745 Ἰσαάκ
354 4693 416 4760 μετὰ
437 4690 611 4760 πεποιθήσεως
626 4694 757 4763 γινώσκων
795 4688 972 4760 Περισσεῦειν.
1006 4692 1094 4745 Πάντα
1113 4688 1158 4744 οὖν
1177 4691 1234 4758 ὑμῖν
1252 4690 1280 4743 έν
1297 4691 1344 4762 χά·

247 4773 277 4825 τὸ
288 4772 391 4840 μελλον.
405 4790 451 4844 31.
467 4774 553 4829 πίστις
562 4773 590 4825 έν
599 4772 754 4842 πεποιθήσει.
836 4791 886 4841 ριτι
901 4772 1083 4841 περισσευέτω.
1106 4769 1168 4845 Igu
1186 4769 1300 4844 Smym
1317 4789 1343 4844 9.

250 4867 297 4925 35.
313 4855 345 4908 Οί
353 4854 382 4908 δέ
389 4855 552 4925 ὑπομένοντες
562 4854 589 4907 έν
596 4852 755 4923 πεποιθήσει.
837 4852 877 4905 καὶ
892 4853 985 4908 παντὸς
1004 4853 1163 4924 χαρίσματος
1182 4850 1343 4923 περισαιίιης.

249 4950 295 5006 45.
319 4935 379 5004 ποίᾳ
391 4934 541 5003 πεποιθήσει
557 4934 756 5006 εέσελευσάμεθα
838 4930 931 5007 Polyc.
950 4950 975 4988 2.

248 5017 283 5072 είς
297 5019 326 5070 τὸ
344 5017 536 5080 βασίλειοντοῦ
563 5019 645 5078 emh
662 5013 696 5070 Π
712 5016 740 5071 6.
797 5015 947 5086 Περιστερά.
979 5018 1055 5068 τοῦτο
1069 5014 1095 5067 έν
1108 5012 1178 5087 τάπφ
1194 5013 1346 5085 περιστέρας

208 5093 300 5168 Πέρας,
315 5095 439 5153 tandem.
462 5095 547 5154 Mart.
564 5095 657 5170 Polyc.
679 5098 724 5152 16.
837 5094 960 5166 παρέσχε.
976 5092 1068 5151 Clem.
1079 5093 1195 5169 Fragm.
1204 5092 1264 5150 viii.
1288 5095 1345 5150 ἀκέ-

207 5177 300 5250 Πέρας.
334 5181 357 5232 οί
367 5178 501 5233 ἐπίσκοποι
512 5181 535 5232 οί
546 5180 608 5232 κατὰ
618 5180 650 5231 τὰ
659 5180 756 5250 πέρατα
836 5197 907 5246 ραιος
925 5177 987 5231 ὡσεὶ
1000 5178 1146 5249 περιστιρά.
1169 5173 1232 5250 Igu
1249 5174 1344 5250 Polyc.

249 5260 400 5332 ὀρισθέντες.
419 5258 480 5335 Igu.
495 5257 569 5334 Eph.
582 5277 611 5331 3.
632 5257 755 5324 βασιλεύ·
839 5273 863 5311 2.
907 5257 999 5326 ἐξῆλθε
1026 5259 1162 5330 περιστερά
1184 5260 1226 5312 καί
1248 5260 1347 5329 πλῆθος

250 5364 287 5395 ειν
299 5346 350 5395 τῶν
361 5342 477 5412 περάτων
489 5343 533 5409 τῆς
547 5343 601 5413 γῆς.
618 5337 700 5396 Rom.
712 5340 740 5394 6.
836 5336 947 5408 αἳματος.
970 5336 1055 5396 Mart.
1072 5336 1166 5414 Polyc.
1187 5339 1230 5396 16.

877 5437 897 5475 n
