3250 6617
638 1923 683 2014 S.
733 1920 1125 2014 IGNATIUS.

464 2210 483 2277 ὁ
507 2209 581 2292 iuris
601 2211 677 2307 ἔρως
700 2212 913 2309 ἐσταύρωται.
949 2210 1015 2309 Ep.
1040 2210 1086 2284 ad
1110 2210 1213 2284 Rom.
1237 2209 1253 2310 ᾗ
1273 2236 1303 2301 7.

482 2598 711 2679 Hmaosmos,
726 2603 792 2665 Lib.
808 2605 844 2666 de
864 2603 943 2666 liris
956 2604 1141 2681 Iunonibus,
1156 2627 1219 2685 cap.
1239 2605 1287 2666 16.

659 2713 741 2797 Opp.
757 2714 780 2777 ii
795 2738 826 2798 p.
843 2736 900 2796 141
918 2715 966 2778 ed.
978 2715 1110 2778 Vallars.

368 2877 666 3006 IGNATIUsr
679 2920 929 2995 Antiochense
947 2920 1128 2994 Ecclesiae
1145 2918 1301 2994 tertiusb
1320 2930 1407 3018 post

364 3045 518 3120 Petrum
534 3044 753 3143 Apostolum
775 3045 987 3144 Episcopus,
1005 3045 1288 3144 peraecutionem
1311 3069 1406 3118 oom-

364 3177 533 3246 movente
567 3170 730 3269 Trojano
764 3171 958 3245 damnatus
991 3172 1038 3245 ad
1071 3171 1213 3257 bestias,
1247 3171 1405 3244 Romam

364 3296 510 3370 vinctus
538 3295 728 3369 mittitur.⁰
779 3294 975 3393 Quumque
1005 3295 1181 3394 navigans
1211 3295 1406 3395 Smymam

364 3419 532 3505 venisset,
548 3417 614 3491 ubi
627 3417 862 3517 Polycarpus,
876 3418 1022 3492 auditor
1033 3418 1059 3492 J
1060 3417 1239 3504 ohannis,d
1255 3418 1406 3517 Episco-

364 3569 435 3642 pus
461 3550 548 3630 erat,
573 3543 719 3642 scripsit
748 3569 858 3616 unam
886 3542 1114 3642 Epistolam0
1141 3542 1189 3615 ad
1214 3542 1404 3642 Ephesios,

365 3666 518 3741 alteram
552 3669 599 3742 ad
633 3668 899 3768 Magnesianos,
933 3669 1080 3741 tertiam
1114 3667 1161 3742 ad
1192 3667 1404 3755 Tmilonsos,

365 3799 535 3893 quartam
561 3793 608 3867 ad
637 3794 832 3881 Romanos,
860 3804 899 3868 et
929 3792 1014 3867 inde
1044 3793 1234 3893 egrediens
1260 3794 1405 3893 scripsit

364 3916 412 3991 ad
434 3915 729 4017 Philadelpheos
746 3925 783 3991 et
806 3919 854 3993 ad
878 3918 1108 4016 Smymaeos,
1125 3928 1165 3991 et
1188 3919 1333 4017 proprio
1356 3919 1405 3993 ad

363 4040 632 4140 Polycarpumf
646 4042 899 4116 commendans
917 4043 974 4117 illi
988 4045 1269 4123 Antiochensem
1282 4047 1405 4124 Eoole

363 4164 466 4251 siam,
485 4165 524 4240 in
546 4181 643 4265 qua&
660 4173 697 4239 ot
720 4166 765 4239 de
786 4165 991 4266 Evangelio
1013 4170 1112 4267 quod
1134 4198 1253 4271 nuper
1275 4201 1298 4247 a
1321 4172 1404 4248 meh

362 4290 580 4366 translatum
602 4300 667 4379 est,
685 4319 794 4391 super
817 4320 1007 4392 personam
1025 4296 1162 4371 Christi
1184 4300 1288 4398 ponit
1304 4300 1406 4374 tosti-

362 4416 534 4503 monium,
545 4415 666 4490 dicens
681 4445 688 4491 :
715 4417 797 4514 Epo
810 4443 895 4490 vero
909 4431 941 4491 et
948 4433 1035 4517 post
1048 4422 1350 4496 resurrectionem
1363 4422 1405 4496 in

362 4567 481 4614 earne·
504 4568 586 4615 eum
615 4540 717 4628 vidis
745 4555 776 4615 et
808 4541 917 4616 credo
948 4543 1039 4641 quio
1068 4545 1124 4621 sit.
1176 4546 1226 4620 Et
1256 4547 1404 4646 quando

363 4664 465 4738 venit
491 4664 537 4737 ad
563 4666 713 4740 Petrum
739 4673 776 4739 et
801 4666 848 4740 ad
873 4693 934 4740 eos
961 4669 1024 4766 qui
1050 4696 1132 4743 oum
1157 4672 1266 4747 Petro
1291 4681 1404 4760 erant,

363 4787 458 4862 dixit
483 4790 557 4864 eis:
593 4791 698 4877 Eece,
720 4791 878 4889 poemate
907 4818 974 4878 me,
1002 4806 1033 4865 et
1060 4793 1188 4882 ridete,
1213 4796 1304 4893 qaia
1331 4824 1405 4871 raon

361 4939 444 4986 sum
473 4912 712 4988 doemonium
738 4915 1009 5014 incorporale.k
1060 4919 1109 4992 Et
1134 4921 1259 4994 statim
1285 4922 1406 5019 tetipe-

361 5051 449 5111 reat
467 5065 559 5126 eurr,
579 5053 610 5113 et
628 5039 874 5115 erediderunt.
927 5043 1091 5141 Dignum
1110 5053 1231 5118 autem
1249 5046 1405 5132 videtur,
