3250 6617
412 1072 475 1138 156
774 1073 807 1135 S.
831 1070 1088 1136 CLEMENTIS

245 1278 397 1355 Exemplum
469 1243 567 1326 ΜΓ.
600 1249 672 1324 Καὶ
690 1246 727 1322 τί
745 1241 964 1344 θαυμαστόν,
982 1248 1011 1322 εὶ
1030 1248 1062 1323 ol
1079 1245 1118 1323 έν
1135 1245 1287 1349 Χριστῷ
1302 1274 1449 1322 πιστευ-

243 1344 399 1523 ἓὲέεέῗῑῗι
411 1371 525 1457 θέντες
551 1371 649 1476 παρὰ
677 1377 785 1474 Θεοῦ,
801 1372 907 1475 ἔργον
932 1380 1083 1468 τοιοῦτο,
1113 1368 1345 1469 κατέστησαν
1369 1365 1452 1453 τοὺς

243 1490 302 1523 nem
329 1490 390 1523 088·

243 1540 363 1618 οςιοοοο
410 1500 677 1605 προειρημένους
687 1534 698 1598 ;
730 1499 819 1580 ὅπου
838 1502 895 1579 καὶ
913 1503 933 1580 ὁ
953 1497 1123 1603 μακάριος
1142 1496 1272 1584 πιστὸς
1289 1494 1452 1601 θεράπων

243 1605 371 1720 iiim
410 1631 448 1708 ἐν
476 1628 552 1736 ὅλῳ
582 1631 633 1736 τῷ
668 1627 751 1735 οἴκῳ
785 1632 950 1728 Maioris
986 1626 1032 1706 τὰ
1068 1624 1318 1727 διατεταγμένα
1355 1624 1450 1732 αὐτῷ

243 1737 320 1785 leli.
451 1753 461 1779 Ι
562 1757 571 1782 1
690 1755 701 1783 Ι
835 1759 844 1782 ν
941 1762 957 1779 a
1004 1759 1012 1783 ι
1076 1760 1093 1777 Α
1174 1752 1183 1783 Ι
1342 1748 1360 1781 Q
1437 1756 1449 1784 1

409 1790 527 1835 ποντα
553 1789 797 1855 εσημειωσατο
825 1791 864 1835 εν
895 1790 972 1841 ταις
1002 1789 1108 1858 ιεραις
1138 1760 1296 1850 βιβλοις,
1330 1786 1361 1859 ῳ
1394 1786 1553 1847 και5

409 1882 704 1983 ἐπηκολούθησαν
741 1887 774 1962 oi
810 1886 931 1963 λοιποὶ
965 1886 1156 1990 προφῆται,
1188 1913 1448 1982 συνεπιμαρτυ-

409 2020 550 2113 ροῦνιεο
580 2017 654 2095 τοῖς
686 2008 743 2090 ὑπ’
764 2010 874 2090 αὐτοῦ
905 2009 1238 2109 νενομοθετημένον.
1296 2005 1450 2092 Ἐκεῖνος

410 2138 495 2242 γάρ,
517 2137 626 2240 ζήλου
643 2137 859 2236 ἐμπεσόντος
878 2140 1036 2242 περὶτῆς
1055 2136 1256 2240 ἱερωσύνης,
1275 2139 1334 2216 καὶ
1358 2170 1448 2215 στα·

410 2264 612 2368 σιαζουσῶν
638 2273 710 2345 τῶν
734 2273 863 2372 φυλῶν
888 2266 991 2345 ὁποία
1019 2266 1136 2344 αὐτῶν
1162 2263 1214 2363 εἴη
1240 2266 1292 2371 τῷ
1317 2261 1450 2371 ένδὸξερ

408 2538 539 2615 ‘aliquot
549 2538 644 2615 paullo
652 2537 821 2603 immutarit,
829 2539 908 2596 utad
949 2544 956 2569 ‘
972 2539 1094 2609 Ponam,
1108 2536 1210 2614 inquit,
1220 2537 1370 2615 principes
1389 2546 1452 2597 luce

409 2630 416 2652 ‘
431 2620 610 2697 propositum
618 2639 702 2677 sumn
712 2626 825 2696 aptaret
836 2640 844 2689 ;
856 2639 908 2678 nec
949 2620 1005 2677 ‘in
1013 2639 1121 2696 pacem,
1135 2629 1160 2677 et
1176 2620 1318 2696 episcopos
1335 2628 1400 2678 tuos
1417 2619 1451 2678 ia

409 2712 416 2734 ⁸
431 2700 580 2759 Hebraeus
590 2700 699 2759 Textus
709 2721 789 2759 secus
802 2701 908 2759 sentire
949 2712 957 2735 ‘
964 2701 1121 2777 justitium
1138 2746 1144 2758 .
1161 2745 1168 2758 .
1183 2746 1189 2759 .
1209 2746 1215 2759 .
1233 2700 1270 2759 In
1284 2720 1343 2778 quo
1357 2700 1450 2779 Scrip-

409 2787 482 2840 ‘nos
495 2783 581 2860 cogit,
595 2790 628 2841 ut
642 2782 771 2858 pluribus
792 2791 908 2841 conten-
949 2790 1052 2841 ‘turae
1066 2782 1188 2841 Sanctae
1205 2782 1374 2841 admiranda
1392 2802 1450 2841 ma-

409 2864 474 2922 ‘dit
492 2864 537 2922 vir
557 2864 721 2922 notissimae
740 2863 909 2922 eruditionis
950 2868 958 2894 ‘
967 2864 1065 2940 justas,
1079 2863 1157 2940 quod
1177 2862 1321 2941 principes
1339 2863 1450 2923 futuros

409 2944 575 3003 ‘Henricus
594 2945 811 3003 Hammondus.'
853 2945 908 3003 Mi·
950 2945 1114 3003 ‘Ecclesiae
1136 2945 1293 3023 Episcopos
1320 2944 1449 3004 nomina·

408 3027 485 3085 nime
506 3026 597 3103 igitur
617 3026 748 3085 ferendus
768 3034 812 3085 est
831 3031 909 3086 Ano·
949 3026 1013 3085 ‘vit
1025 3047 1033 3100 3
1061 3047 1183 3105 quorum
1207 3026 1301 3085 omnis
1323 3026 1450 3087 visitatio

408 3127 519 3184 nymus,
535 3105 731 3188 [chardus]
747 3108 806 3185 qui.
821 3129 910 3185 quum
951 3114 959 3140 ⁴
973 3107 1003 3165 in
1017 3128 1086 3185 paee
1099 3115 1151 3181 est,
1165 3116 1195 3167 et
1205 3108 1376 3167 vocabulum
1389 3108 1450 3187 dig-

407 3188 447 3248 sit
466 3189 616 3266 perfrictae
636 3188 738 3247 frontis
756 3190 809 3261 vir,
824 3209 909 3248 ausus
951 3190 1073 3249 ‘nitatis
1084 3190 1238 3267 injustitia
1248 3189 1266 3261 ;'
1284 3190 1333 3249 θνα
1359 3188 1449 3269 [Opp.

408 3277 452 3330 est
465 3269 519 3329 hoc
532 3271 563 3328 in
583 3271 646 3329 loco
666 3279 773 3329 temere
787 3270 908 3344 effutire,
948 3277 1018 3330 tom.
1047 3271 1083 3343 iv,
1112 3292 1137 3348 p.
1162 3274 1220 3345 728
1245 3270 1288 3330 ed.
1312 3268 1446 3353 Vallata]

410 3352 489 3425 ‘Qui
503 3372 587 3410 ausus
601 3360 645 3410 est
658 3351 836 3429 totineptias
846 3353 909 3410 Ole-
950 3352 1071 3410 WOTT.
1115 3352 1261 3430 Quidquid
1271 3352 1373 3412 illustr.
1386 3352 1450 3413 Fel-

409 3433 535 3492 ‘mentis
549 3434 663 3492 nomine
676 3434 807 3504 vendere,
822 3434 909 3493 etiam
950 3433 994 3492 lus
1021 3434 1126 3511 aliique
1153 3434 1208 3492 viri
1235 3433 1314 3493 docti
1341 3433 1388 3493 hie
1412 3435 1451 3493 la·

409 3514 524 3574 ‘Sacris
542 3514 647 3574 Literis
665 3515 737 3572 hanc
754 3516 909 3573 clausulam
949 3516 1060 3589 boi-ent,
1075 3516 1223 3575 selendum
1242 3514 1362 3574 humani
1382 3516 1451 3594 quid

409 3597 542 3673 ‘adjecit
570 3604 604 3655 ut
630 3604 823 3655 assumentum
854 3597 909 3655 hoc
949 3617 1072 3673 passum,
1087 3608 1173 3675 atque
1186 3596 1321 3656 imbecilli
1335 3617 1451 3674 prorsus

409 3678 664 3755 ‘praecedentibus
698 3679 908 3755 responderet'
948 3687 1118 3755 argumento
1132 3698 1216 3737 usum
1230 3678 1409 3739 Clementem
1422 3679 1452 3737 in

409 3758 537 3837 Impares
557 3767 654 3818 autem
667 3768 751 3818 erunt
764 3760 850 3835 hujus
864 3780 909 3818 co·
949 3760 1119 3837 allegatione
1132 3760 1195 3818 ista
1221 3760 1354 3819 Hebraea
1366 3761 1452 3819 verba

408 3849 492 3900 natus
513 3842 549 3899 ad
567 3841 766 3898 infirmandam
780 3842 908 3900 authori·
948 3861 1007 3899 non
1021 3843 1082 3901 sine
1095 3842 1232 3901 violentia
1245 3861 1279 3899 eo
1292 3840 1370 3900 trald
1383 3862 1448 3920 que·

408 3930 499 3981 tatem
521 3923 675 4000 Epistolae‚
697 3943 753 3999 qua
780 3943 838 3980 non
865 3930 909 3981 est
949 3931 1021 3994 unt3
1043 3930 1076 3983 ut
1089 3923 1166 3981 enim
1186 3936 1267 3997 πορθ
1287 3923 1358 3983 satis
1375 3942 1451 3983 com·

408 4004 472 4076 alia,
487 4024 559 4080 quas
571 4004 663 4081 magis
678 4005 831 4081 respondet
844 4005 911 4062 oha-
951 4005 1036 4062 mode
1048 4006 1213 4076 Ἐπισκοπὴν,
1225 4010 1255 4063 et
1265 4024 1317 4082 per
1330 4004 1451 4084 figuram

409 4085 512 4144 racteri
546 4085 703 4162 Apostolici
747 4086 910 4162 Sc1iptoris,
951 4086 1107 4162 Eptacopos
1131 4094 1231 4145 notare
1260 4086 1362 4163 pomit,
1389 4086 1452 4164 quis

409 4175 460 4226 aut
473 4167 601 4244 pluribus
614 4186 666 4224 usa
680 4174 723 4225 cst
737 4167 910 4225 testimoniis
950 4168 1086 4226 concedet
1106 4182 1192 4227 0111111
1213 4174 1291 4226 recte
1311 4188 1364 4245 per
1379 4168 1452 4227 Diu-

409 4257 573 4307 sanctorum
594 4256 624 4307 et
646 4248 840 4325 antiquiorum
857 4249 909 4306 Pa
950 4269 1033 4307 conos
1054 4249 1136 4320 verti,
1160 4249 1282 4326 indeque
1302 4248 1386 4308 firmo
1406 4270 1450 4308 ra·

409 4339 494 4388 trum.
539 4330 620 4389 Haec
640 4330 739 4388 cadem
759 4350 776 4387 a
797 4331 825 4389 S.
849 4331 908 4388 Ire·
950 4330 1067 4389 tiocinio
1081 4331 1240 4402 concludet,
1254 4330 1356 4390 multis
1374 4342 1451 4390 retro

410 4431 481 4469 naec
508 4411 595 4471 citata
622 4412 722 4470 eodem
755 4412 785 4469 in
817 4432 909 4483 sensu,
950 4412 1076 4484 saeculis,
1091 4412 1167 4488 quod
1185 4411 1233 4470 hic
1250 4410 1375 4473 affirmat
1388 4412 1451 4473 Cle·

409 4493 477 4551 licet
495 4494 578 4552 alitor
598 4494 634 4551 ad
653 4494 804 4552 veritatem
829 4493 910 4551 Lxx
950 4514 1039 4565 mens,
1054 4494 1184 4552 ordinem
1198 4493 1407 4572 Episcopomm
1422 4502 1450 4553 et

410 4575 480 4633 Intt.
487 4595 619 4652 expressa
628 4575 750 4652 legimus
760 4597 765 4631 :
777 4576 910 4633 Τοιούτους
951 4575 1145 4633 Diaconorum
1160 4576 1223 4652 jam
1240 4575 1336 4634 aDeo
1349 4575 1450 4636 eonsti-

410 4659 607 4730 Πρεσβυτέρονς
626 4658 760 4730 ἀνατρέφει
777 4658 909 4727 ἡἘκκλη-
950 4664 1047 4714 tulum
1074 4664 1104 4715 el
1131 4656 1321 4733 lwrsel'lptum
1346 4658 1449 4717 filimi

411 4741 464 4810 oin,
479 4742 536 4811 περὶ
557 4741 591 4794 ὧν
608 4742 648 4794 καὶ
668 4743 683 4794 ὁ
701 4740 840 4811 Προφητηο
858 4742 909 4811 φη·
950 4758 987 4796 110
1007 4738 1077 4796 alias
1092 4739 1128 4796 ab
1143 4737 1277 4797 Hebraeo
1297 4738 1450 4799 abemfio·

413 4822 464 4875 σίν·
486 4825 567 4876 Δώσω
587 4822 646 4878 τοὺς
668 4822 792 4894 ἄρχοντάς
814 4844 864 4875 σου
884 4821 911 4874 έν
950 4839 1000 4877 nes
1014 4820 1043 4876 in
1057 4819 1111 4876 hoc
1129 4819 1192 4877 loco
1206 4819 1353 4879 reddendo
1365 4821 1449 4881 attin·

413 4902 503 4972 εἰρήνη,
518 4904 630 4959 καὶτοὺς
644 4904 797 4959 έπισκόπονς
817 4925 866 4957 σου
885 4903 911 4956 έν
950 4920 1024 4977 gam.
1047 4900 1100 4958 Vel
1115 4920 1184 4977 ergo
1194 4901 1350 4961 auctorltflfl
1360 4903 1448 4980 cuju!-

413 4983 563 5052 δικαιοσύνη.
597 4981 640 5038 IV
654 4982 731 5039 xxii.
753 4979 794 5062 [5.
810 5002 837 5059 p.
853 4983 909 5055 263
950 4983 1017 5039 dam
1046 4981 1216 5059 Interpretis
1243 4982 1307 5041 viro
1340 4984 1449 5061 optimo

413 5062 455 5121 ed.
485 5060 633 5142 Mansuet]
690 5064 797 5121 Eodem
826 5063 911 5121 modo
951 5063 1095 5140 imposuit,
1122 5064 1166 5123 vel
1196 5063 1302 5123 vitioso
1335 5064 1449 5124 innixus

412 5143 481 5202 haec
507 5144 630 5219 explieat
657 5144 684 5203 S.
709 5144 911 5222 Hieronymus,
952 5154 995 5205 est
1006 5146 1111 5204 Codice
1125 5145 1243 5217 Graeco,
1253 5145 1299 5204 vel
1313 5147 1449 5207 memoria
