3250 6617
372 1041 437 1108 256
739 1045 771 1107 S.
795 1043 1053 1108 chunanus

371 1219 486 1314 πηθεὶς
522 1212 594 1317 γὰρ
629 1211 734 1300 αὐτὸς
764 1218 784 1294 ὁ
817 1213 948 1318 Κύριος
980 1213 1048 1294 ὑπό
1082 1247 1189 1310 τινος,
1221 1211 1307 1293 πότε
1338 1211 1415 1316 ἥξει

404 1343 413 1368 a
462 1349 479 1367 Α
517 1342 525 1365 ε
696 1343 705 1371 ν
782 1337 798 1374 9
924 1340 941 1369 α
1077 1341 1095 1372 u
1230 1340 1240 1370 a
1306 1340 1317 1368 Ι
1366 1341 1385 1370 α

371 1376 479 1421 aaron
506 1377 528 1441 η
555 1349 737 1439 βασιλεια,
766 1376 872 1440 ειπεν,
897 1354 918 1391 “
941 1348 1044 1423 Οναν
1071 1376 1173 1422 εσται
1199 1377 1246 1422 τα
1273 1345 1336 1421 δυο
1363 1375 1413 1436 εν,

371 1480 392 1518 “
410 1473 468 1548 καὶ
499 1467 541 1551 τὸ
572 1468 642 1573 ἔξω
674 1473 722 1556 ὡς
747 1468 789 1551 τὸ
817 1470 905 1569 ἔσω,
934 1474 992 1551 καὶ
1025 1466 1067 1550 τὸ
1099 1469 1211 1574 ἅρσεν
1236 1467 1325 1570 μετὰ
1351 1473 1417 1568 τῆς

370 1609 393 1646 “
410 1600 562 1698 θηλείας,
596 1603 674 1680 οὔτε
698 1600 808 1704 ἄρσεν
838 1604 916 1682 οὔτε
947 1598 1076 1700 θῆλν.”
1133 1597 1192 1679 Τὰ
1220 1597 1283 1679 δύο
1309 1596 1346 1676 δὲ
1377 1598 1416 1677 ἕν

369 1729 479 1824 ἐστιν,
508 1727 593 1808 ὅταν
625 1735 795 1825 λαλῶμεν
825 1730 943 1814 αὑτοῖς
972 1727 1154 1827 ἀλήθειαν,
1181 1728 1239 1804 καὶ
1270 1726 1308 1804 ἐν
1331 1728 1447 1813 δνσὶ5

371 1854 541 1956 σώμασιν
568 1858 808 1961 ἀνυποκρίτως
835 1854 886 1956 εἴη
913 1856 977 1955 μία
1005 1852 1119 1963 ψυχή.
1178 1857 1250 1933 Καὶ
1279 1850 1321 1934 τὸ
1342 1850 1415 1956 ἔξω

371 1986 419 2069 ὡς
447 1982 489 2064 τὸ
517 1983 601 2081 ἔσω,
628 1992 734 2064 τοῦτο
761 1983 866 2085 λε’γει·
894 1984 961 2084 τὴν
989 1980 1114 2090 ψυχὴν
1138 1983 1235 2082 λε’γει
1257 1979 1300 2062 τὸ
1324 1980 1411 2077 ἔσω,

369 2111 412 2193 τὸ
440 2110 476 2190 δὲ
504 2111 601 2218 isso]
623 2111 666 2193 τὸ
694 2119 802 2211 σῶμα
824 2112 932 2213 λε’γει·
964 2111 1006 2192 ὃν
1026 2109 1161 2214 τρόπον
1183 2110 1246 2189 οὖν
1272 2144 1343 2189 σου
1370 2106 1414 2188 τὸ

370 2245 479 2339 σῶμα
506 2241 678 2345 φαίνεται,
700 2242 810 2326 οὕτως
838 2244 896 2319 καὶ
916 2240 938 2339 ἦ
966 2236 1069 2346 ψυχή
1091 2272 1161 2319 σου
1186 2241 1296 2337 δῆλος
1318 2235 1413 2316 ἔστω

368 2368 406 2446 ἐν
437 2369 534 2473 [τοῖς]
567 2377 691 2452 καλοῖς
724 2368 848 2472 ἔργοις.
908 2370 979 2447 Καὶ
1012 2364 1055 2447 τὸ
1087 2367 1199 2470 ἄρσεν
1229 2363 1317 2464 μετὰ
1348 2367 1412 2464 τῆς
1430 2411 1466 2449 10

369 2499 524 2595 θηλείας,
546 2500 625 2576 οὔτε
642 2497 754 2601 ἄρσεν
775 2499 853 2577 οὔτε
870 2501 978 2596 θῆλυ,
1000 2498 1131 2601 τοῦτ[ο]
1245 2538 1262 2575 a

572 2662 588 2697 a:
754 2662 770 2693 ὓ
935 2661 951 2698 *
1115 2661 1131 2696 *

725 2841 883 2939 Reliqua
907 2841 1051 2916 desunt.

369 3049 529 3110 Commeat.
543 3052 572 3108 in
582 3051 770 3123 Matthaeum,
784 3050 865 3147 [tom.
908 3052 1008 3112 Unum
1022 3052 1163 3110 affirmare
1182 3070 1307 3129 possum,
1323 3050 1408 3110 Pseu-

367 3132 407 3189 vii
428 3153 454 3209 p.
474 3153 488 3189 2
512 3134 555 3191 ed.
571 3134 707 3209 vallars]
743 3134 868 3212 Epipha-
908 3134 1180 3212 do-Evangelistam
1220 3153 1256 3191 ex
1297 3133 1409 3192 solenni

368 3213 460 3286 nium,
476 3215 592 3273 Haeres.
608 3215 661 3272 lxii
678 3237 701 3273 c.
720 3234 743 3273 2.
758 3219 839 3290 [tom.
857 3216 866 3272 i
908 3216 984 3294 apud
998 3215 1236 3293 Apocryphorum
1254 3215 1409 3292 scriptores

368 3315 395 3372 p.
412 3311 471 3369 514
494 3298 529 3354 ed
554 3298 664 3370 Petam]
707 3297 814 3369 Titum,
835 3317 868 3355 ac
908 3297 1112 3356 consuetudine
1133 3296 1266 3356 imitandi
1284 3295 1408 3355 Canoni-

368 3377 613 3455 Theophylactum
636 3378 673 3436 ad
694 3379 866 3456 principium
908 3399 955 3437 cos
967 3379 1064 3450 libros,
1078 3378 1206 3436 allusisse
1222 3378 1258 3435 ad
1273 3377 1407 3455 Apostoli

369 3459 469 3517 Lucae.
513 3459 693 3537 Quamquam
707 3480 774 3518 vero
790 3461 866 3518 Hae
906 3461 993 3519 verba
1008 3460 1101 3519 Galat.
1116 3460 1147 3517 iii
1165 3463 1210 3530 28,
1225 3460 1302 3536 quod
1321 3470 1351 3518 et
1364 3461 1408 3517 in-

367 3541 449 3599 retioi
471 3553 582 3599 veteres
604 3543 640 3599 ad
664 3542 866 3600 stabiliendum
907 3543 969 3601 nuit
991 3542 1123 3600 Clemens
1151 3542 1339 3612 Stromateus,
1364 3550 1407 3600 at·

367 3623 466 3680 odium
484 3643 568 3680 suum
588 3623 618 3680 in
635 3624 758 3700 nuptias,
773 3624 867 3681 Evan-
907 3643 962 3700 que
984 3624 1071 3681 etism
1097 3623 1172 3682 forte
1193 3622 1230 3681 ad
1257 3623 1361 3700 Ephes.
1385 3624 1407 3680 ii

367 3705 434 3781 gelii
453 3705 539 3781 juxta
558 3705 717 3782 Aegyptios
737 3705 867 3764 testimo·
912 3720 955 3778 15.
978 3705 1115 3763 COTEL.
1159 3704 1243 3762 Hanc
1259 3704 1405 3782 imperiec-

367 3786 422 3843 niis
449 3794 606 3858 uterentur,
630 3807 687 3844 non
709 3794 805 3845 tamon
833 3807 866 3844 ea
906 3794 966 3845 tam
980 3786 1158 3845 historiolam
1171 3787 1202 3843 in
1212 3786 1334 3862 Anglica
1347 3806 1405 3844 me·

365 3868 435 3926 talia
448 3879 523 3940 sunt,
538 3889 610 3946 quae
630 3888 687 3925 non
708 3876 814 3944 queant
827 3869 864 3924 ad
904 3868 1031 3944 taphrasi
1052 3869 1150 3927 omisit
1163 3867 1291 3928 Wakius.
1311 3888 1355 3940 ne,
1371 3876 1406 3926 ut

365 3949 446 4025 pium
473 3970 587 4007 sensum
611 3949 721 4020 adduci,
745 3970 780 4006 cx
802 3970 863 4006 sen·
904 3950 945 4009 ait
965 3950 995 4007 in
1015 3949 1235 4027 Prolegomenis,
1250 3950 1405 4027 abruptum

364 4031 457 4088 tentia
469 4031 617 4107 utriusque
635 4031 809 4089 Clementis:
831 4039 864 4090 ut
905 4031 1009 4090 laceret
1023 4032 1108 4089 finem
1119 4052 1128 4103 5
1143 4031 1217 4089 forte
1230 4029 1326 4104 etiam,
1337 4030 1406 4108 quia

366 4112 443 4170 dicta
456 4112 614 4171 habeantur
627 4121 656 4170 et
665 4112 824 4177 literaliter,
835 4121 864 4172 et
904 4133 1006 4190 parum
1028 4113 1115 4189 digna
1139 4112 1294 4178 Clemente,
1319 4132 1406 4188 quem

365 4194 492 4269 mystice,
508 4199 541 4251 ὡς
555 4197 581 4249 ἐν
594 4194 753 4269 παραβύστῳ
766 4219 864 4264 μυστη-
904 4202 1050 4253 auctorem
1069 4194 1153 4270 hujus
1167 4193 1235 4252 lacit
1249 4193 1404 4271 Epistolae‚

363 4279 460 4349 ριωδῶς
472 4275 566 4351 inquit
580 4275 764 4352 Epiphanius,
778 4276 808 4349 [l.
822 4273 859 4355 c]
905 4276 930 4334 ei
944 4276 1102 4334 videbatur.
1127 4275 1241 4333 FREY.

364 4376 444 4414 more
454 4356 632 4433 Aegyptiaco
643 4378 651 4429 3
665 4356 744 4414 acde
755 4356 863 4414 Christi
947 4379 973 4428 4.
996 4364 1053 4413 οὔτε
1077 4358 1168 4431 ἄρσεν]
1201 4357 1236 4413 ln
1262 4355 1317 4413 hoc
1340 4356 1405 4414 loco

364 4458 453 4514 regno
474 4438 589 4514 duplici,
606 4439 682 4496 intra
702 4458 762 4510 nos,
776 4446 863 4515 atque
904 4438 1136 4515 depravationem
1163 4436 1317 4514 quamdam
1347 4436 1404 4495 for-

364 4519 394 4576 in
408 4520 506 4578 futura
518 4520 584 4578 vita.
628 4519 766 4591 Profecto,
781 4520 805 4577 si
826 4521 863 4578 ab
904 4523 978 4578 sitan
1001 4518 1139 4596 suspicari
1160 4519 1228 4578 licet
1248 4518 1405 4577 verborum

364 4600 459 4678 aliquo
487 4622 585 4659 corum
613 4602 661 4678 qui
685 4601 863 4677 temporibus
904 4602 939 4659 D.
956 4601 1036 4659 Pauli
1052 4601 1089 4658 ad
1108 4600 1232 4672 Galatas,
1247 4599 1279 4657 iii
1294 4603 1342 4663 28,
1357 4602 1404 4657 οὐκ

364 4683 537 4759 Apostolicis
551 4682 740 4760 prohibebant
748 4684 863 4755 nubere,
904 4687 939 4740 ἔνι
965 4687 1045 4756 ἄρσεν
1068 4686 1108 4739 καὶ
1131 4686 1205 4754 θῆλυ·
1234 4686 1327 4740 πάντες
1352 4685 1404 4756 γὰρ

363 4765 553 4841 compositum
587 4764 642 4822 fuit
674 4764 863 4841 Evangelium
904 4767 973 4837 ὑμεῖς
993 4763 1029 4824 ele
1049 4767 1076 4821 ἐν
1091 4769 1195 4841 Χριστῷ
1209 4764 1303 4834 Ἰησοῦ.

363 4845 573 4922 Aegyptiorum
582 4846 699 4918 dictum,
708 4846 863 4903 admodum
945 4861 971 4919 5.
1006 4851 1124 4918 λαλῶμεν
1156 4841 1251 4925 αὐτοῖς]
1296 4844 1404 4904 Junius

363 4926 411 4984 ille
425 4927 503 4985 virus
523 4928 627 4985 erroris
641 4928 685 4985 sni
700 4928 862 4999 occultavit,
903 4928 1002 4986 mallet
1021 4931 1110 4987 ἄλλοις
1125 4928 1170 4986 vel
1191 4928 1321 4998 ἀλλήλοις,
1335 4927 1402 4984 Mil-

364 5009 412 5083 qui
426 5028 443 5065 a
456 5009 525 5066 viris
542 5009 714 5067 doctissimis
730 5009 862 5086 juxtaac
902 5009 1082 5075 limantem,
1107 5013 1210 5066 ἑαυτοῖς.
1254 5007 1341 5066 Hunc
1360 5006 1402 5066 lo-

363 5091 548 5148 sanctissimis
581 5091 772 5167 deprehensus
804 5111 862 5148 non
902 5110 975 5162 cum,
990 5090 1014 5148 si
1036 5088 1230 5166 Hilgenfeldio
1250 5088 1357 5161 audias,
1372 5090 1402 5147 in

363 5169 425 5242 fuit,
440 5172 489 5229 sed
508 5172 639 5230 laudatus
657 5192 689 5231 ac
706 5173 859 5251 expositus.
902 5172 998 5230 animo
1029 5171 1129 5230 habuit
1156 5170 1283 5242 Photius,
1311 5190 1402 5249 quum
