3250 6617
461 1048 521 1112 DE
544 1048 578 1112 S.
601 1046 781 1112 IGNATII
803 1046 1043 1111 EPISTOLIS.
1174 1043 1282 1108 xxxvii

241 1221 365 1306 privata
379 1220 421 1284 D.
433 1220 582 1284 Richardi
597 1218 790 1284 Montacutii
804 1218 1008 1283 Norvicensis
1022 1239 1123 1302 nuper
1135 1215 1282 1301 Episcopi

242 1324 439 1389 Bibliotheca
460 1324 623 1401 alterumn,
637 1323 692 1408 qui
715 1321 837 1407 Ignatii
855 1321 1069 1407 Epistolarnm
1089 1321 1282 1405 Interpreta-

242 1428 362 1492 tionem
381 1449 401 1490 a
417 1426 560 1510 Vulgata
579 1425 695 1490 Iatina
715 1424 960 1490 diversissimam
981 1422 1195 1489 continebant.
1239 1423 1283 1487 Et

242 1529 352 1594 statim
381 1528 545 1594 collatione
573 1529 667 1606 facta,
692 1527 875 1593 testimonia
900 1528 1031 1592 Patrum
1059 1527 1201 1592 omnium
1229 1525 1284 1609 qui

242 1633 327 1696 intra
347 1633 495 1716 quinque,
513 1639 551 1695 nt
571 1631 628 1709 ait,
645 1637 719 1715 post
738 1630 903 1695 Christum
924 1630 1047 1695 saecula
1068 1629 1250 1707 floruerunt,
1266 1650 1285 1692 a

243 1735 370 1801 Graecis
385 1735 569 1820 latinisque
585 1734 752 1799 (lodicibus
767 1735 961 1813 dissidentia,
976 1756 1049 1798 cum
1063 1735 1122 1798 hac
1132 1732 1284 1797 Versione

242 1838 361 1924 optime
384 1837 560 1916 convenire,
582 1844 615 1903 et
638 1838 739 1903 multa
762 1860 782 1902 a
803 1837 965 1903 Graeculis
988 1835 1211 1922 posterioribus
1234 1834 1283 1898 in·

242 1947 325 2007 serta
354 1945 387 2005 et
415 1940 588 2005 intertexta
621 1941 660 2005 ab
690 1941 797 2006 eadem
831 1941 949 2026 pariter
976 1942 1082 2006 abesse
1111 1939 1283 2025 conspexit.

243 2045 317 2108 Jam
331 2066 405 2108 vero
425 2065 489 2108 non
509 2065 548 2107 ex
566 2043 688 2108 levibus
708 2044 906 2129 conjecturis,
921 2049 977 2107 aut
992 2065 1031 2107 ex
1045 2042 1203 2113 sententia
1216 2064 1284 2120 sua,
1409 2058 1411 2061 ·

241 2153 279 2211 ut
292 2145 452 2225 Vedelins,
471 2146 526 2210 sed
547 2169 586 2210 ex
600 2146 725 2212 Veteris
744 2146 905 2212 Versionis
927 2145 988 2209 fide
1008 2145 1142 2209 Graecas
1162 2143 1284 2229 Ignatii

242 2249 399 2335 Epistulas
415 2251 609 2335 recognovit,
621 2256 801 2315 assumento
813 2250 995 2315 stellionum
1006 2249 1183 2333 agenuinis
1193 2247 1284 2312 facile

242 2360 275 2418 et
289 2360 394 2438 aperte
409 2354 540 2419 secrevit
548 2380 558 2432 3
582 2354 840 2439 Polycarpianam
856 2354 981 2418 illamm
998 2353 1148 2438 Syllogen
1165 2352 1213 2416 ita
1229 2373 1283 2416 ex-

243 2456 416 2520 cudendum
435 2457 567 2535 curavit,
583 2463 621 2521 ut
641 2458 738 2522 minio
757 2458 792 2521 in
812 2463 904 2523 textu
919 2457 1039 2522 Graeco
1061 2456 1191 2521 laciniae
1212 2456 1284 2520 illac

243 2560 454 2643 signarentur,
469 2583 546 2645 quas
567 2582 587 2624 a
605 2560 769 2625 recentiori
789 2561 1018 2645 Interpolatore
1038 2565 1158 2624 assutas
1176 2559 1283 2637 trisse,

242 2661 367 2726 Veteris
394 2652 503 2726 latini
532 2661 730 2746 Interpretis,
755 2667 833 2728 tunc
861 2664 999 2748 primum
1028 2662 1068 2728 ab
1097 2662 1165 2746 ipso
1194 2662 1282 2741 editi,

243 2763 357 2828 indicio
380 2763 634 2848 deprehenderat.
680 2764 767 2828 Felix
790 2765 850 2829 hoc
871 2764 998 2850 quidem
1019 2763 1198 2848 inceptum3
1221 2786 1283 2848 quo

244 2866 444 2932 Reverendus
463 2866 577 2946 Senex,
597 2890 669 2930 cum
692 2866 824 2951 ingenii,
841 2866 964 2953 judicii,
986 2872 1019 2931 ct
1037 2867 1197 2931 doctrinae
1214 2889 1283 2951 spe-

242 2971 344 3035 cimen
369 2969 528 3054 singulare
554 2970 709 3048 exhibuit,
734 2978 805 3034 tum
831 2971 988 3035 Ecclesiae
1012 2970 1224 3047 utilissimam,
1250 2974 1284 3033 et

243 3075 327 3138 hisce
341 3073 535 3157 temporibus
549 3073 685 3136 maxime
700 3072 869 3136 salutarem
884 3095 1009 3157 operam
1022 3073 1191 3158 praestitit.

286 3176 325 3239 Id
341 3199 412 3239 vero
434 3175 474 3240 ad
496 3175 656 3239 cumulum
674 3174 813 3253 accessit,
829 3176 913 3260 quod
924 3175 978 3240 'vir
997 3175 1282 3260 praestantissimus

243 3287 275 3345 et
289 3280 376 3345 omni
394 3279 553 3343 doctrinae
572 3301 685 3362 genere
705 3279 874 3343 admodum
894 3279 1046 3358 excultus,
1061 3279 1186 3343 Isaacus
1201 3278 1282 3343 Vos·
1293 3299 1405 3348 vossius.

242 3384 317 3461 sius,
340 3381 496 3446 Graecum
521 3381 678 3465 exemplar
704 3382 809 3466 (quod,
832 3381 951 3466 opinor,
973 3382 1115 3445 infinitae
1140 3382 1283 3446 lectionis
1296 3363 1367 3426 ¹⁶⁴⁶·

243 3486 412 3549 'lhsrrianus
427 3491 555 3549 centum
569 3485 633 3549 fere
647 3485 738 3549 annis
752 3491 826 3550 ante
839 3485 973 3563 viderat,
987 3491 1020 3550 et
1034 3485 1284 3550 vetustissimum

243 3587 591 3672 emendatissimumque
602 3609 667 3652 esse
683 3592 819 3651 testatus
831 3591 890 3672 est)
905 3586 1077 3651 eMedicea
1088 3586 1286 3652 Bibliotheca

243 3689 434 3773 exscriptum
457 3690 650 3775 produceret,
673 3689 750 3754 viris
775 3689 963 3754 doctissimis
988 3689 1174 3753 amicissime
1199 3713 1284 3754 com·

244 3792 427 3871 municaret,
451 3799 484 3857 et
506 3793 653 3878 quoniam
678 3792 810 3857 Latinae
833 3793 967 3857 versioni
991 3792 1030 3856 ab
1053 3793 1181 3858 Usserio
1204 3795 1283 3877 pub-

243 3895 353 3959 licatae
367 3896 507 3980 apprime
521 3919 692 3960 consonum
709 3896 944 3976 animadvertit,
958 3920 1031 3961 cum
1053 3920 1089 3961 ea
1109 3897 1203 3961 simul
1223 3898 1283 3960 im·

243 3999 443 4083 primendum
456 4022 492 4063 ac
506 4000 590 4064 notis
604 3999 825 4064 illustrandum
839 4006 970 4064 curaret.
1002 4000 1091 4066 Quae
1105 4023 1203 4085 quum
1216 4004 1284 4064 tam

279 4264 316 4312 15.
333 4251 427 4300 Joanni
439 4250 622 4314 Evangelistae.

281 4332 317 4380 1⁶.
336 4333 362 4381 S.
374 4333 479 4382 Mariae

280 4426 317 4475 17.
335 4413 436 4478 Ignatio
448 4416 541 4464 Sancta
550 4413 641 4463 Maria.

277 4496 318 4544 De
336 4497 383 4545 hoc
406 4498 497 4546 Codice
517 4496 653 4546 rectissime
675 4495 735 4544 hace
757 4496 889 4545 annotavit
907 4496 941 4545 D.
961 4496 1114 4544 Paaracnus:
1132 4495 1226 4544 “Ordo
1246 4495 1286 4545 hic

246 4577 423 4626 “latinarum
439 4579 505 4627 idem
523 4584 562 4628 ost
580 4594 638 4627 cum
656 4577 741 4626 ordine
758 4578 910 4626 Graecarum
927 4579 953 4626 in
972 4577 1061 4626 Codice
1079 4576 1209 4625 Mediceo:
1227 4576 1286 4625 licet

246 4661 264 4685 “
275 4659 392 4710 Usscrius
403 4677 445 4709 aas
456 4660 562 4710 ediderit
570 4660 658 4709 codem
668 4659 761 4715 ordine.
769 4676 820 4724 quo
827 4661 937 4709 Graecae
948 4659 1115 4723 Interpolatae
1126 4658 1207 4707 editae
1217 4664 1285 4707 sunt.

246 4745 263 4768 “
276 4743 351 4792 Unde
367 4759 418 4791 non
433 4744 538 4791 minima
549 4742 677 4806 Epistulae
687 4743 720 4791 ad
731 4743 897 4807 Polycarpum
914 4742 1007 4807 injuria
1017 4741 1109 4790 sacta!
1126 4741 1246 4801 sulm,
1260 4741 1285 4789 in

244 4824 354 4873 Praefat.
367 4840 427 4873 snae
438 4824 506 4873 lldit.
521 4824 622 4887 Ignatii,
634 4832 665 4884 4⁰
675 4823 753 4873 Oxon.
769 4837 840 4889 1709.

276 4907 361 4971 Hujus
371 4907 469 4956 Codicis
484 4907 602 4955 lectiones
613 4906 738 4954 variantes
754 4908 930 4956 humanissime
947 4907 980 4955 ad
998 4921 1057 4955 nsua
1073 4921 1141 4954 moos
1157 4905 1286 4968 exau-ipsit

244 4991 289 5038 Vir
299 4990 451 5039 reverendus
460 4990 479 5039 J
480 4989 591 5038 ohannes
601 4988 619 5036 J
620 4988 712 5037 acobus
722 4988 812 5048 Smith,
825 4990 898 5040 ΔΜ.
911 4989 973 5040 coll
987 4988 1098 5038 Gaienais
1109 4987 1202 5037 Sucina

275 5076 285 5106 ¹
302 5072 355 5121 Ubi
371 5072 411 5120 hio
422 5071 508 5121 Codex
520 5071 575 5135 jam
591 5069 749 5134 reperiendus
766 5071 807 5133 ait,
819 5087 851 5120 na
867 5071 1041 5135 investigando
1052 5069 1153 5134 quidem
1164 5069 1286 5134 expiscari

243 5170 349 5217 mosum.
369 5154 488 5203 SMITH.
