3250 6617
612 1056 829 1123 EPISTOLA
854 1058 896 1131 ll,
919 1055 972 1120 xii.
1243 1058 1306 1121 255

264 1244 499 1315 taderniacum
537 1256 603 1305 uos
631 1258 716 1305 vero
750 1230 850 1305 diem
878 1229 924 1304 de
957 1229 1019 1304 die
1053 1243 1307 1329 aspectantes,

263 1346 363 1421 nihil
389 1348 522 1422 bomem
554 1347 726 1423 uidimus.
783 1348 965 1435 Anae-ntes,
1000 1361 1213 1446 comparate
1246 1374 1307 1421 vos

265 1466 420 1542 arbori:
450 1466 581 1541 saeuite
607 1465 742 1541 vitem:
777 1464 1087 1564 primoquidem
1107 1464 1220 1563 foliis
1246 1465 1307 1540 de

254 1582 358 1681 fluit,
374 1610 524 1683 peronen
536 1583 721 1683 postcofit
734 1614 745 1669 ,·
756 1597 889 1682 posteo
905 1610 979 1658 rivo
992 1583 1137 1670 acerba,
1151 1582 1308 1684 tardeque

265 1726 341 1775 aaa
365 1714 525 1776 maturo.
577 1700 641 1775 Ita
666 1714 697 1773 et
718 1701 884 1799 populas
905 1726 1007 1774 nactas
1030 1697 1251 1797 apitationes
1276 1715 1308 1776 et

261 1842 463 1915 precaturas
479 1815 585 1901 culm
602 1814 736 1889 dehinc
752 1841 837 1889 vero
856 1815 951 1890 bona
968 1815 1133 1916 aecipiet.
1165 1815 1308 1915 Itaque,

267 1932 397 2008 fratres
430 1934 513 2020 mei,
541 1934 662 2007 anirno
695 1959 742 2006 ne
772 1932 992 2019 vacillemus,
1022 1933 1086 2006 sed
1120 1942 1309 2032 sperantes

266 2050 522 2137 sustineamus,
539 2060 584 2124 ut
601 2060 640 2124 et
659 2049 862 2125 meroedem
886 2059 1121 2150 reportemus.
1173 2050 1310 2125 Fidelis

267 2168 365 2242 enim
382 2177 448 2254 est,
465 2167 530 2267 qui
555 2166 738 2267 pollicitus
761 2176 874 2241 estse
898 2166 1093 2265 unicuique
1109 2166 1309 2242 retributu-

267 2310 348 2359 rum
383 2311 535 2385 operum
566 2283 885 2359 remunerationes,
938 2283 977 2358 Si
1003 2310 1089 2383 ergo
1117 2283 1308 2359 feeerimus

261 2400 447 2501 justitiam
463 2428 584 2476 coram
602 2401 691 2489 Deo,
708 2402 747 2475 in
763 2428 920 2500 regumn
940 2400 1038 2475 illius
1054 2401 1308 2502 ingrediemur,

268 2527 308 2593 et
323 2517 540 2617 accipiemus
558 2518 822 2618 promissiones,
836 2543 928 2615 quaa
940 2517 1048 2592 auria
1064 2544 1136 2592 nort
1150 2516 1306 2605 audivit,
1321 2534 1471 2615 raduni,

268 2660 335 2709 aaa
368 2635 492 2709 oculus
520 2633 637 2720 vidia
674 2660 837 2731 quaeque
872 2633 912 2707 in
946 2661 1009 2709 cor
1041 2633 1202 2710 hominia
1234 2662 1306 2709 aon
1322 2602 1459 2667 ¹⁰⁰''¹¹⁹'

269 2748 522 2825 ascenderunt.

321 2866 409 2941 XII.
437 2866 560 2966 Igitur
584 2865 622 2939 in
648 2865 754 2940 horas
778 2892 933 2967 regnum
955 2866 1026 2940 Dei
1049 2877 1310 2967 exspectemus,

271 2984 309 3059 in
326 2984 503 3059 charitate
517 2993 556 3058 et
566 2983 725 3083 justitia,
739 2984 1033 3083 quandoquidem
1045 2984 1116 3059 Dei
1128 2985 1310 3062 adventus

270 3100 368 3176 diem
383 3100 572 3175 nescimus
624 3100 880 3200 Interrogatus
897 3101 994 3175 enim
1011 3130 1033 3175 a
1052 3101 1210 3200 quodam
1232 3103 1310 3203 ipse

273 3376 381 3436 Russel.
405 3376 535 3435 Galland.
565 3382 594 3435 et
619 3375 768 3447 Hefelius3
810 3376 876 3448 lina,
899 3377 1000 3436 eodem
1021 3396 1105 3436 sensu
1132 3376 1226 3455 posita
1252 3398 1309 3455 quo

272 3457 521 3518 Schoenemannus
542 3478 611 3517 vero
632 3465 662 3518 et
682 3458 768 3517 Dres-
809 3458 923 3536 saepius
949 3460 985 3517 ab
1013 3458 1158 3536 Apostolo.
1201 3460 1306 3518 Vide

271 3540 358 3599 aelius
376 3560 434 3598 non
454 3540 531 3599 item.
810 3540 907 3600 Thess.
920 3540 940 3598 ii
953 3545 979 3612 8,
1000 3542 1135 3599 {Timui
1149 3560 1193 3613 14,
1208 3542 1305 3600 aTim.

315 3640 340 3680 2.
356 3618 768 3703 wpfimntlavrotrWotton.
811 3622 885 3688 iro,
915 3623 986 3694 ivr,
1008 3626 1035 3693 8,
1066 3623 1121 3681 Tit.
1145 3623 1164 3680 ii
1183 3642 1226 3697 13.
1281 3625 1306 3681 A

273 3702 363 3762 edidit
376 3706 533 3774 συμβάλητε.
577 3704 723 3763 Constant.
740 3711 770 3762 et
811 3703 1306 3781 ScriptoribusEcelesiasticisusur-

273 3784 437 3845 Schoenem.
455 3788 627 3854 συμβάλλετε.
670 3785 770 3844 Codex
810 3794 903 3863 putur,
918 3785 960 3844 uti
982 3793 1011 3844 ei
1027 3790 1177 3860 Θεοφάνω,
1191 3786 1227 3844 de
1241 3786 1306 3845 Filii

272 3874 370 3925 autem
391 3866 452 3923 MS.
472 3875 669 3923 ΣΥΜΒΑΛΕΤΕ
690 3886 770 3943 prae
811 3867 866 3926 Dei
900 3867 1102 3940 incarnatione,
1129 3887 1238 3927 necnon
1272 3869 1308 3929 de

272 3954 332 4007 stat
364 3946 419 4019 hie,
446 3946 490 4006 uti
524 3955 554 4006 et
581 3948 611 4006 iu
639 3948 770 4027 Epistola
808 3949 908 4008 diebus
921 3950 1077 4028 sacrisque
1092 3948 1246 4009 Christiani
1261 3971 1306 4011 ce-

273 4028 363 4107 priori
373 4049 382 4102 ;
403 4028 468 4087 vide
481 4050 508 4106 p.
528 4049 584 4087 100
603 4030 620 4088 l.
637 4032 663 4088 6.
808 4030 957 4091 lebrabunt
977 4031 1167 4091 Nativitatem
1187 4040 1218 4092 et
1232 4032 1306 4111 Bap-

316 4126 342 4185 7.
357 4113 529 4187 διψυχῶμιν,]
546 4112 624 4186 Quid
640 4112 678 4172 sit
691 4116 770 4187 διψι»
808 4113 926 4173 tismum
941 4114 1066 4173 Domini.

274 4194 320 4266 xia
339 4200 369 4252 et
387 4196 510 4266 διψαχεῖν
523 4193 580 4253 vid.
595 4214 682 4272 supra
699 4196 714 4271 ξ
731 4213 767 4271 23
850 4196 887 4253 ib.
911 4197 1092 4270 Ἐπερωτηθεὶς
1112 4200 1162 4271 γὰρ
1187 4222 1211 4255 κ.
1225 4221 1248 4253 τ.
1262 4194 1302 4278 λ]

275 4274 379 4351 prioris
392 4274 543 4352 Epistulae.
566 4275 687 4335 WOTT.
810 4276 839 4335 A
854 4277 975 4351 Samma,
989 4277 1018 4335 in
1033 4278 1189 4356 Evangelio
1207 4299 1306 4337 seeun-

320 4375 363 4415 12.
378 4353 523 4437 σὶσήξομεν]
541 4357 648 4417 Vocem
663 4360 771 4431 εῑοὴκειν
810 4360 880 4418 dum
888 4360 1065 4438 Aegyptios;
1087 4361 1130 4419 uti
1144 4359 1279 4419 discimus
1292 4381 1308 4420 a

276 4456 333 4495 uon
359 4445 517 4516 agnoscunt
544 4439 655 4499 lexico.
700 4441 771 4500 For·
811 4442 968 4502 Clementis
994 4442 1111 4501 alterius
1138 4442 1243 4502 Strom
1266 4441 1305 4500 iii.

275 4538 352 4577 mam
364 4519 507 4597 geminam
525 4523 699 4601 eandemque
717 4523 770 4581 mi-
814 4526 855 4600 [9,
869 4544 914 4599 13,
933 4545 978 4602 pp.
995 4540 1053 4599 539
1068 4531 1098 4583 et
1112 4538 1170 4600 553
1185 4524 1228 4584 ed
1242 4523 1308 4584 Pot-

277 4620 330 4659 uua
362 4600 496 4661 usitatam
529 4606 621 4678 ἀφὴξω
650 4612 771 4683 usurpat
810 4608 878 4680 ten]
904 4606 1015 4665 Similia
1028 4606 1199 4683 Aegyptiaci
1213 4607 1308 4665 Eran-

277 4680 417 4751 Olemens,
446 4684 498 4761 Ep.
521 4685 530 4741 i
559 4686 574 4762 §
602 4689 646 4745 28.
688 4690 771 4759 ἀνὴξω
810 4688 878 4766 gelii
892 4688 1062 4747 citanturac
1076 4696 1258 4766 exponuntur
1278 4689 1308 4747 in

276 4762 432 4829 Cornelius.
460 4764 551 4843 Epist.
578 4769 614 4826 ad
639 4769 770 4835 Fabium,
811 4770 1008 4829 Alexandrino
1022 4769 1198 4847 Presbytero.
1235 4770 1309 4830 Vide

277 4844 383 4906 Routh.
395 4846 456 4906 Rel.
472 4848 548 4907 Saer.
562 4850 593 4909 iii
612 4871 639 4928 p.
657 4866 691 4927 27
708 4852 728 4910 l.
742 4853 768 4910 6.
812 4852 935 4910 Oracula
955 4851 1043 4929 Sibyl.
1061 4852 1082 4910 ii
1100 4868 1146 4926 70,
1163 4867 1208 4927 71.
1252 4853 1310 4913 Sed

277 4946 364 5069 uli
387 4926 771 5077 tttllalffltltttt
810 4934 1310 5078 thietmarum

277 5089 458 5152 colomesius.
810 5099 840 5158 in
856 5038 971 5171 Luearii,
990 5038 1121 5180 [tomgiii
1141 5064 1243 5178 p.’933
1265 5101 1308 5161 ed.

321 5175 363 5233 18.
378 5178 423 5245 rin
439 5175 596 5259 ἐπιφανείας]
614 5178 681 5239 Vox
696 5180 768 5240 Pau·
812 5180 895 5264 Ben]
925 5182 1145 5261 Hieronymum,
1161 5183 1310 5243 Prooemio
