3250 6617
477 1073 536 1137 DE
560 1074 592 1136 S.
616 1072 796 1137 IGNA'HI
818 1071 1057 1135 EPISTOLIS.
1228 1069 1285 1132 lvii

245 1241 426 1307 ‘Graecum
456 1245 608 1310 minorem
637 1246 856 1310 convenientes
888 1244 1018 1308 eandem
1047 1242 1212 1306 lectionem
1237 1264 1284 1306 se·

242 1349 431 1432 ‘quantam’

287 1450 357 1535 Ego
372 1451 509 1536 quidem,
524 1458 562 1516 ut
576 1452 659 1537 quod
679 1451 780 1515 sentio
798 1450 912 1529 dicam,
928 1471 991 1513 non
1013 1472 1083 1512 sum
1104 1448 1131 1512 is
1152 1448 1206 1533 qui
1228 1471 1285 1532 pro

245 1551 445 1619 Recensionis
464 1555 614 1620 brevioris
635 1554 818 1638 integritate
840 1553 886 1616 ita
906 1574 1114 1637 propugnem,
1129 1557 1167 1615 ut
1183 1551 1286 1615 nullas

243 1656 414 1720 sententias
428 1658 600 1742 perplexas,
615 1662 787 1741 corruptas,
802 1655 1006 1740 interpolatas
1024 1655 1137 1718 habere
1155 1659 1284 1719 conten-

242 1759 325 1823 dam.
370 1760 482 1845 Neque
503 1767 611 1825 tamen
632 1760 723 1824 video
750 1782 804 1824 cur
828 1782 848 1822 a
868 1759 971 1823 'l'cxtu
996 1758 1036 1822 ad
1061 1781 1154 1843 quem
1177 1758 1284 1822 defen·

243 1860 380 1926 dendum
395 1863 567 1927 Pcarsonus
582 1862 744 1926 Vindicias
765 1884 836 1926 suas
856 1861 1041 1945 conscripsit
1055 1861 1138 1926 illico
1158 1862 1197 1926 ad
1212 1884 1285 1927 cum

242 1987 262 2028 a
276 1965 434 2029 Curctcno
454 1965 574 2029 editum
595 1970 718 2030 nosmet
738 1964 923 2049 recipiamus
944 1965 1140 2029 accessesit.
1186 1965 1285 2050 Syrus

241 2067 336 2146 enim,
352 2067 407 2152 qui
421 2067 586 2153 aliquando
602 2068 721 2132 Graeca
736 2090 800 2132 non
815 2068 895 2132 benc
909 2067 1077 2146 intellexit,
1092 2068 1140 2132 uti
1154 2075 1286 2133 monent

243 2171 388 2236 Hefelius
410 2177 443 2236 et
464 2171 672 2250 Uhlhornius,
687 2194 752 2236 non
767 2176 835 2235 tam
856 2171 1036 2255 interpretis
1057 2178 1162 2256 partes
1184 2171 1285 2257 egisse

242 2275 377 2354 videtur,
397 2298 492 2360 quam
511 2275 680 2360 epitomen,
703 2298 799 2339 manu
817 2275 945 2360 quidem
962 2275 1140 2354 festinante,
1159 2275 1193 2340 in
1210 2299 1285 2341 usus

241 2377 309 2463 pios
332 2378 509 2443 confecisse.
554 2378 683 2443 Codices
712 2377 907 2443 Tattamiani
935 2377 996 2441 alia
1018 2378 1109 2462 plura
1127 2379 1286 2463 Excerpta

242 2503 281 2545 ex
301 2480 453 2565 Epistolis
475 2481 663 2566 ignatianis,
686 2486 780 2565 atque
801 2481 863 2545 alin
887 2480 1034 2564 opuscula
1056 2480 1188 2544 ascetica
1210 2504 1283 2546 con·

241 2585 357 2648 tinent.
400 2585 445 2647 Et
460 2584 588 2648 Codices
603 2607 622 2648 a
635 2583 769 2647 librariis
786 2583 874 2669 Syris
889 2582 1070 2667 transcripti
1091 2583 1196 2649 minus
1210 2607 1283 2650 auc·

242 2687 381 2753 toritatis
403 2693 436 2751 et
450 2686 523 2751 fidei
542 2687 671 2765 habent,
690 2687 849 2771 quoniam,
867 2686 915 2750 uti
939 2692 1048 2751 monet
1066 2687 1283 2772 'Itegellesius

242 2813 311 2855 mos
325 2790 387 2855 fuit
400 2790 473 2870 illis,
488 2789 686 2875 exemplaria,
697 2813 714 2855 e
725 2790 838 2876 quibus
853 2790 1079 2869 exscribebant,
1094 2814 1159 2856 non
1173 2791 1284 2857 leviter

243 2893 415 2958 emendare.
460 2893 534 2958 Vid.
551 2892 726 2959 Davidsoni
747 2893 954 2958 Introduction
976 2899 1005 2956 to
1027 2894 1076 2957 the
1095 2895 1168 2958 Nm
1184 2895 1282 2959 Tecta·

243 3004 331 3076 sent,
346 2997 357 3060 i
371 3014 446 3082 429.
