3250 6617
579 1086 795 1149 EPIS'FOLA
820 1086 866 1162 ΙΙ,
883 1085 914 1147 ii.
1214 1089 1277 1149 233

284 1256 335 1330 II.
363 1259 522 1333 Laetare
547 1259 692 1343 sterilis
715 1286 808 1357 θνα-θ
835 1286 904 1332 non
927 1259 1051 1357 puris,
1070 1286 1219 1357 ernnnpe
1246 1276 1277 1333 et
1291 1280 1433 1366 uncini.

234 1372 365 1459 clume,
377 1400 471 1471 quae
484 1402 557 1449 noe
569 1377 768 1473 pecteris:
788 1376 879 1472 quatias
893 1376 1091 1472 mieltifile'i
1104 1376 1276 1463 desertae,
1290 1345 1346 1394 ω’
1360 1362 1385 1393 w
1398 1361 1435 1407 ²²*

233 1489 357 1588 Μαρία
373 1516 486 1588 quum
503 1493 579 1590 ejus
604 1493 824 1589 quaelebet
852 1492 982 1565 eirene.
1036 1493 1145 1584 Quod
1170 1493 1276 1577 dixit,

233 1606 392 1682 Laetare
409 1608 547 1682 sterilis
563 1634 657 1705 pecc
675 1636 747 1681 non
771 1608 891 1705 peris,
910 1635 976 1681 nos
997 1607 1116 1697 dixit;
1144 1608 1277 1681 sterilis

233 1724 369 1823 quippe
387 1735 467 1798 erat
484 1724 645 1799 Ecclesia
672 1736 804 1810 nostre,
823 1736 909 1797 ante
931 1752 1042 1823 quam
1059 1726 1135 1798 dati
1155 1738 1278 1799 essent

233 1840 266 1913 ei
283 1839 395 1915 liberi
448 1841 556 1933 Quod
573 1868 659 1914 vero
680 1841 786 1927 dixit,
806 1841 950 1921 Clamo,
969 1868 1063 1938 qiece
1091 1869 1162 1914 reon
1183 1870 1277 1939 pei-1·-

233 1956 337 2043 teris,
364 1958 432 2033 hoc
460 1958 559 2043 dicit,
590 1970 634 2031 ut
667 1985 790 2057 preces
817 1969 961 2031 nostras
991 1959 1204 2056 simpliciter
1231 1960 1276 2032 an

234 2072 357 2147 Deum
386 2074 619 2172 perferamus,
649 2101 778 2173 neque,
805 2088 850 2146 nt
873 2075 1119 2172 parturientes
1149 2075 1277 2158 solent,

232 2188 478 2264 vociferemur.
531 2192 640 2283 Quod
665 2201 790 2264 autem
816 2191 921 2275 dixit,
948 2190 1045 2280 Quia
1074 2217 1108 2262 ni
1116 2192 1181 2264 ulti
1194 2192 1279 2288 fili-i

233 2303 407 2393 desertae,
420 2308 542 2404 crecy-is
559 2335 670 2406 quem
689 2309 764 2406 ejus
783 2335 876 2405 pere-e
894 2307 998 2380 hebet
1012 2307 1146 2393 cirum,
1163 2335 1276 2406 qnan-

232 2421 427 2521 doquidem
454 2424 611 2523 populus
637 2436 762 2498 noster
788 2425 956 2497 desertus
983 2451 1060 2496 esse
1083 2424 1277 2498 videbatui·

232 2550 272 2613 et
283 2540 362 2614 Deo
380 2542 529 2615 orbatus
545 2572 552 2630 ;
572 2569 667 2615 nunc
680 2569 766 2616 vero
784 2568 898 2640 quum
915 2540 1143 2619 credidimus.
1155 2541 1277 2638 plures

232 2654 319 2729 facti
336 2683 462 2731 sumus
479 2659 523 2730 iis
541 2659 603 2756 qui
618 2659 738 2732 Deum
756 2659 888 2732 habere
905 2657 1155 2731 censebantur,
1194 2658 1275 2730 Alia

233 2917 378 2975 ‘clamore
401 2918 610 2995 praecipimur;
632 2919 734 2977 deinde
780 2934 843 2994 195,
866 2919 988 2992 vii195,
1009 2919 1086 2993 quenl
1107 2920 1217 2976 celtinet
1237 2920 1279 2976 cd

235 2998 334 3074 ‘quod
347 2998 502 3057 antithesin
516 3019 566 3057 seu
580 3001 734 3076 oppositio·
775 3003 877 3059 Deum.
900 3001 962 3057 Vid.
975 2999 1109 3057 Abresch.
1121 3001 1274 3057 Animadv.

234 3086 323 3137 ‘nem
350 3080 485 3151 instituit,
510 3101 594 3157 quam
623 3082 735 3139 diversa
776 3084 804 3139 in
821 3082 1002 3157 Aeschylum.
1018 3102 1043 3158 p.
1062 3086 1128 3154 613.

234 3162 431 3220 ‘constructio
459 3164 611 3220 verborum
640 3165 735 3237 ἇναφὲ-
821 3184 865 3221 12.
881 3167 995 3221 πλείονες
1016 3166 1150 3237 ἐγενόμεθα
1170 3171 1220 3217 τῶν
1234 3167 1275 3218 δο-

235 3246 310 3316 ιρεεν
322 3250 353 3301 ot
371 3246 510 3314 e’aexexe'rpev
523 3264 571 3302 seu
592 3249 734 3318 ἐγκακῶμεν
774 3246 895 3319 koenon]
928 3245 974 3302 lta
1002 3244 1119 3320 loquens
1144 3264 1173 3301 fle
1199 3247 1275 3301 Gen-

235 3328 315 3382 ‘non
338 3325 467 3401 petitur?
508 3326 616 3383 Locum
641 3327 734 3403 Hesy-
773 3326 854 3385 tileni
887 3326 1002 3395 indicet,
1038 3346 1094 3381 non
1122 3326 1272 3382 Judaeum.

234 3404 367 3464 chisnum
389 3427 406 3464 a
428 3407 566 3465 Wottono
590 3410 733 3484 prolatum
775 3407 910 3465 coiJST.
955 3405 1009 3486 [ef.
1026 3427 1112 3482 supra
1126 3415 1224 3463 notatu
1238 3407 1273 3463 nel

234 3494 399 3564 suspectum
413 3488 499 3547 habet
513 3489 669 3559 Albertius,
685 3490 733 3566 qui
775 3488 935 3565 Epistolem
956 3489 1088 3564 priorem,
1112 3488 1169 3563 §4,
1192 3508 1218 3562 p.
1237 3506 1273 3544 20

234 3567 413 3628 Clementem
441 3577 571 3627 nostrum
598 3591 634 3629 ex
669 3592 734 3629 eon·
775 3570 792 3625 l.
815 3573 873 3642 13]
919 3570 963 3625 Ex
985 3568 1029 3625 liis
1049 3569 1143 3625 verbis
1164 3568 1274 3642 colligit

229 3649 343 3726 jectum
372 3670 474 3727 perum
508 3651 582 3709 felici
617 3652 735 3729 corrigit
777 3651 813 3707 H.
822 3652 949 3708 Venema
960 3662 1105 3707 auctorem
1116 3670 1150 3707 eo
1159 3649 1272 3705 (leniunt

234 3733 382 3801 ἐκκαλῶμεν.
427 3731 508 3791 Sicut
530 3743 559 3792 et
583 3734 659 3809 opud
682 3734 733 3791 Po·
775 3744 904 3809 tempore
925 3731 1037 3793 vixisse,
1059 3751 1115 3805 quo
1138 3729 1275 3787 (linistis-

234 3811 352 3888 lybium,
374 3813 418 3870 IV
443 3814 494 3872 xix
517 3834 561 3885 10,
583 3815 735 3892 legendum
776 3813 885 3871 nismus
908 3813 985 3870 inter
1008 3812 1116 3869 Gentes
1142 3830 1274 3868 nurnero-

234 3902 330 3953 censet
344 3894 494 3954 Ernestius
515 3900 669 3967 ἐξεκάκηααν
681 3916 733 3974 pro
774 3896 902 3953 sissimus
929 3901 991 3951 eret
1017 3913 1103 3968 supra
1127 3892 1272 3953 ludee0s;

234 3977 391 4046 ἐνικήθησαν.
774 3977 851 4053 quoil
886 3976 1010 4052 quidem,
1040 3974 1141 4050 inquit.
1170 3975 1274 4030 rectius

279 4075 322 4114 11.
339 4060 393 4114 ἐπεὶ
406 4061 497 4130 ἕρημος
511 4055 601 4137 ἐδόκει]
624 4057 735 4116 Boisius
775 4078 861 4134 qusnn
883 4058 912 4114 in
932 4056 1095 4123 Clementis,
1110 4056 1231 4132 quadret
1244 4055 1272 4111 in

234 4136 392 4215 interponit
416 4146 491 4195 τοῦτο
516 4145 594 4215 λέγει.
611 4147 644 4197 ut
669 4161 735 4199 con·
776 4139 890 4215 Trejeni
909 4149 939 4198 et
952 4137 1132 4213 sequentium
1146 4137 1273 4213 Impere-

234 4218 321 4277 nexio
347 4219 443 4297 aptior
470 4221 529 4294 sit3
559 4230 589 4280 nt
616 4221 733 4280 Photius
774 4230 871 4278 torum
886 4219 1137 4297 temporu,quibus
1150 4218 1274 4275 Ecclesia

234 4300 334 4360 multis
353 4302 456 4359 abhinc
470 4304 588 4361 saeculis
603 4305 733 4361 observa·
775 4302 913 4361 Gentium
935 4304 1019 4378 longe
1040 4301 1152 4376 lateque
1171 4319 1272 4375 prope-

233 4381 284 4453 vit,
298 4383 376 4459 quod
396 4384 502 4443 hustre
518 4386 547 4442 in
562 4386 606 4442 liis
621 4385 735 4461 Episto·
774 4391 842 4460 gnta
856 4393 906 4441 θεῖ.
930 4383 1006 4456 Quid
1020 4382 1118 4440 multis
1132 4401 1204 4456 opus
1214 4383 1273 4438 estl

234 4461 270 4522 lis
283 4483 396 4541 semper
412 4473 509 4542 eptam
529 4467 735 4524 connexionem
776 4465 879 4522 Nonne
915 4465 1019 4522 Paulus
1060 4463 1096 4520 ad
1132 4463 1275 4520 Roinnnos

234 4546 396 4621 quaesieris,
423 4567 511 4623 quum
539 4553 570 4603 rh
597 4551 624 4603 ἐν
648 4552 733 4605 αὐταῖς
773 4546 907 4617 scribens,
935 4546 1042 4623 gret-ies
1070 4544 1132 4601 Deo
1162 4544 1273 4619 egelret,

233 4628 344 4698 νοήματα
377 4631 510 4701 ἐρριμμένα
537 4654 599 4699 πως,
629 4634 670 4686 καὶ
703 4631 733 4684 οὐ
773 4627 850 4704 quod
874 4627 944 4686 fides
967 4646 1065 4685 eorum
1087 4625 1273 4682 annuntiaba-

234 4714 330 4782 συνεχῆ
350 4713 396 4781 τὴν
408 4711 558 4766 ἀκολουθίαν
571 4714 668 4783 ὑπῆρχε
683 4715 733 4784 φα,
773 4717 822 4767 tur
835 4709 869 4765 in
884 4711 1016 4766 uriieereo
1030 4707 1166 4764 meinric?
1186 4704 1208 4786 [i
1227 4703 1268 4786 s]

232 4792 364 4849 λείποντα
382 4789 503 4849 WOTT.
548 4792 604 4849 Pro
618 4795 668 4848 ἀπό
681 4791 733 4848 Jn·
774 4790 879 4847 Nonne
900 4791 1012 4848 dicebat
1032 4790 1066 4845 in
1086 4808 1197 4845 cirenem
1220 4798 1271 4845 ler-

232 4870 298 4929 niue
312 4872 501 4949 eeonjeeture
511 4873 633 4951 margini
644 4893 732 4949 appo-
772 4892 839 4929 ram
865 4871 967 4929 exiisse
994 4888 1096 4928 sonum
1120 4869 1272 4945 Apostolo-

231 4951 276 5010 nit
291 4954 359 5010 ἄνευ.
400 4953 441 5013 Ae
461 4954 532 5012 nihil
553 4954 730 5012 mutandum.
775 4972 848 5024 rum,
873 4961 902 5011 et
926 4953 956 5009 in
977 4951 1056 5027 fines
1079 4951 1155 5008 orbis
1182 4960 1272 5008 imae

233 5032 410 5110 Praepositio
428 5037 558 5094 eamdem
572 5037 631 5093 vim
651 5035 732 5093 forsi-
774 5034 862 5091 verbs
875 5036 993 5091 eoruml
1012 5034 1045 5105 [x
1064 5034 1122 5105 18.]
1167 5032 1272 5090 Nonne

232 5122 282 5174 ton
304 5115 442 5176 hocloco
467 5118 631 5193 habetque
654 5117 731 5173 inve·
775 5116 869 5172 Deum
882 5114 1059 5192 glorificabat
1073 5113 1148 5190 quoe
1166 5122 1270 5189 myste-

232 5197 312 5256 nitur
332 5199 408 5275 opud
430 5199 619 5265 Herodotum,
640 5198 667 5257 iv
686 5216 730 5270 13·
774 5198 849 5254 rium
863 5196 1040 5273 temporibus
1061 5195 1183 5254 aeternis
1204 5195 1271 5252 teci-

273 5311 343 5357 von.
360 5312 383 5356 1.
822 5311 843 5353 n
860 5291 881 5353 h
