3250 6617
571 1119 626 1180 ΕΤ
656 1116 992 1181 FORMULARUM.

259 1295 326 1345 θεοῦ
348 1288 465 1360 ἐπιτύχω.
489 1289 601 1364 Slnyrn.
621 1307 665 1345 11.
722 1291 765 1343 ἐάν

259 1394 308 1441 περ
329 1373 369 1425 διὰ
389 1376 435 1425 τοῦ
453 1373 542 1426 παθεῖν
560 1375 626 1425 θεοῦ
645 1370 763 1441 ἐπιτύχω.

260 1450 353 1526 Polye.
371 1465 397 1525 7.
451 1453 617 1525 ἐπετύγχανεν
640 1458 690 1506 τῶν
713 1452 765 1506 κατ’

259 1534 343 1604 εύχην,
370 1533 455 1590 Mart.
484 1533 545 1609 Ign.
573 1551 596 1588 1.
637 1538 683 1587 τοῦ
707 1556 766 1587 στε-

259 1616 342 1685 φάνου
372 1618 416 1684 τῆς
442 1616 574 1684 ἀθλήσεως
601 1614 713 1685 ἐπιτύχη.
738 1628 763 1686 5.

260 1699 316 1764 νηὸς
330 1698 463 1766 ἐπιτυχών.
480 1695 516 1751 ib.

218 1777 375 1848 Ἐπιφάνεια.
425 1772 470 1846 τὴν
491 1778 583 1848 ἡμέραν
604 1779 648 1846 τῆς
672 1778 765 1848 ἐπιφα-

260 1861 326 1915 νείας
360 1863 405 1912 τοῦ
432 1864 507 1913 θεοῦ.
537 1856 626 1914 Clem.
658 1857 690 1912 ΙΙ
722 1875 764 1912 12.

260 1942 392 2008 ἐπιφάνεια
407 1945 452 1993 τοῦ
466 1943 532 1995 Υίοῦ.
550 1938 662 2013 Fragm.
679 1938 736 1995 viii.

218 2020 366 2092 Ἐπιφανὴς.
409 2019 439 2088 ἦν
448 2023 498 2093 γάρ
511 2023 634 2092 ἐπιφανὴς
648 2068 651 2075 .
666 2068 669 2074 ,
686 2022 763 2090 .ίη...

260 2104 457 2174 τρισκαιδεκάτη.
477 2101 561 2158 Mart.
580 2100 644 2177 Ign.
661 2103 687 2156 6.

219 2183 375 2256 Ἐπιφίρειν.
387 2237 389 2241 ,
399 2185 466 2237 ὥστε
480 2188 520 2238 καί
532 2186 701 2255 βλασφημίας
714 2184 766 2237 ἐπι-

261 2265 396 2337 φέρεσθαι.
413 2262 501 2321 Clem.
519 2266 531 2320 Ι
547 2278 593 2337 47.

220 2345 405 2419 Ἐπιχορηγεῖν.
462 2350 476 2399 ὁ
500 2347 624 2403 πλούσιος
652 2347 769 2417 ἐπιχορη-

261 2431 337 2500 γείτω
364 2433 400 2502 τῷ
427 2433 529 2502 πτωχῷ.
560 2426 648 2483 Clem.
679 2427 692 2481 Ι
722 2427 767 2499 38.

261 2508 345 2579 ἔτεράς
360 2510 455 2563 ἐστινό
469 2510 627 2581 ἐπιχορηγῶν
641 2510 709 2583 αύτῷ
724 2510 770 2577 τὴν

261 2591 411 2661 ἐγκράτειαν.
427 2588 465 2646 ib.

220 2670 393 2742 Ἐπουράνιος.
430 2674 543 2738 πολεμος
563 2674 720 2742 καταργεῖται
742 2672 766 2724 ε’-

260 2754 401 2823 πουρανίων
415 2754 455 2806 καί
474 2753 595 2823 ἐπιγείων.
612 2750 675 2826 Igu.
693 2750 765 2827 Eph.

266 2850 311 2904 13.
355 2835 397 2903 Μὴ
416 2836 445 2888 οῦ
464 2833 568 2902 δύναμαι
584 2836 615 2887 τὰ
635 2836 769 2905 ἐπουράνια

261 2917 380 2987 γράψαι,Ι
403 2914 488 2970 Trall.
508 2928 533 2986 5.
578 2917 617 2968 καί
636 2917 769 2984 δυνάμενος

261 2998 293 3049 τὰ
313 2999 454 3068 ἐπουράνια.
476 2995 514 3052 ib.
556 2999 705 3061 βλεπόντων
721 3003 770 3050 τῶν

263 3079 424 3148 ἐπουρανίων.
442 3095 467 3150 9.
511 3079 560 3131 Καὶ
580 3079 611 3132 τά
628 3079 769 3148 ἐπουράνια,

262 3161 302 3213 καὶ
322 3159 337 3228 η
357 3160 418 3227 δόξα
438 3165 488 3213 τῶν
508 3159 633 3231 άγγελων.
656 3158 768 3233 Smym.

263 3239 289 3294 6.
333 3236 479 3315 ᾦῦπετιίγη
493 3242 524 3293 τά
541 3242 621 3294 πάντα
638 3241 771 3312 ἐπουράνια

264 3323 304 3374 καί
318 3322 422 3393 ἐπίγεια.
439 3320 533 3395 Polyc.
551 3319 621 3376 Phil.
640 3338 665 3375 2.
695 3324 769 3376 ἐπου-

261 3404 347 3469 ράνιον
372 3405 491 3466 βασιλέα.
529 3400 616 3458 Mart.
647 3402 709 3476 Igu.
744 3421 768 3458 2.

262 3483 312 3535 σῦν
333 3487 369 3556 τῷ
389 3485 480 3556 αίωνίερ
501 3485 540 3536 καί
560 3484 699 3558 ἐπουρανίῳ
718 3483 768 3551 Ἰη-

263 3567 312 3616 σοῦ
326 3569 436 3638 Χριστῷ.
454 3562 540 3619 Mart.
557 3562 650 3638 polyc.
671 3583 713 3633 14.

220 3643 311 3700 Ἑπτά.
356 3647 406 3716 πρὸ
433 3647 495 3700 ἔπτὰ
521 3647 657 3700 καλανδῶν.
683 3644 768 3701 Mart.

263 3723 358 3799 Polyc.
377 3743 421 3780 21.

221 3807 347 3863 Ἑπτάκις.
402 3810 504 3864 ε’πτάιεις
531 3810 614 3878 δεσμὰ
646 3808 769 3878 φορέσας.

264 3886 353 3944 Clem.
371 3888 427 3960 15.

223 3967 308 4040 Ἐρᾶν.
358 3971 401 4024 ἐὰν
422 3972 449 4025 δέ
470 3971 593 4041 ἐρασθητε
612 3974 657 4039 της
678 3974 772 4041 σαρκός

262 4074 318 4119 μου.
335 4050 397 4127 Igu.
415 4050 497 4108 Rom.
516 4069 540 4107 2.
571 4054 635 4123 ἐρῶν
648 4056 693 4105 τοῦ
706 4052 768 4105 τίπο-

263 4133 355 4189 θανεῖν.
375 4147 400 4205 7.
442 4135 476 4202 μη
498 4135 629 4203 ἐράτωσαν
649 4134 699 4188 άπὸ
725 4138 771 4187 τοῦ

264 4219 346 4267 κοινοῦ
359 4216 562 4285 ἐλευθεροῦσθαι.
579 4213 673 4289 Polyc.
690 4233 715 4284 4.

222 4294 397 4365 Ἐργάζεσθαι.
421 4296 587 4367 ἐργασώμεθα
603 4299 678 4368 ἔργον
693 4299 771 4352 διιεαι·

264 4375 362 4444 οσίινης,
380 4374 468 4432 Clem.
487 4377 498 4431 1
516 4395 562 4449 33.

222 4455 411 4530 Ἐργαστίηριον.
455 4459 482 4512 ἔκ
495 4481 523 4511 τε
537 4465 586 4512 τῶν
600 4460 771 4530 ἐργαστηρίων

264 4539 304 4591 καί
328 4541 470 4599 βαλανείων
497 4540 569 4608 ξύλα.
601 4538 685 4596 Mart.
715 4539 768 4595 Ρο-

264 4617 317 4692 lyc.
339 4637 381 4692 13.

222 4700 352 4772 Ἐργάτης.
409 4702 438 4755 ‘0
463 4703 557 4774 ιίγαθὸς
579 4703 685 4772 ἐργάτης
708 4704 771 4769 μετὰ

263 4783 406 4853 παρρησίας
443 4785 568 4850 λαμβάνει
604 4786 649 4836 τὸν
686 4785 769 4854 ε’ίρτον.

264 4860 446 4936 Clem.134.

216 4943 322 5014 Ἔργον.
365 4944 459 5014 ἕτοιμοι
472 4945 508 5000 εἷς
521 4947 572 4998 πᾶν
585 4946 659 5016 ἔργον
668 4945 769 5016 ἀγαθόν.

265 5024 354 5081 Clem.
379 5024 394 5080 I
422 5043 446 5081 2.
486 5025 593 5096 φαύλων
611 5029 691 5098 ἔργον
712 5049 770 5093 μαι.

262 5109 310 5177 μὰς
334 5108 471 5176 ἐπιθυμίας.
502 5108 546 5161 28.
589 5108 672 5179 ἔργοις
692 5108 769 5161 δικαι·

263 5187 363 5256 ούμενοι
379 5191 419 5242 καί
435 5189 469 5259 μὴ
487 5191 582 5261 λόγοις.
598 5207 645 5262 3ο.
696 5191 726 5243 ού
740 5186 771 5244 δι’

263 5271 347 5325 αὐτῶν
369 5269 385 5340 ἢ
404 5269 435 5324 δι’
455 5271 538 5342 ἔργον
555 5271 643 5326 αὐτῶν.
666 5286 714 5342 32.
756 5269 772 5340 ἡ

264 5348 679 5425 ἔργωνῦνκατειργασείμεθα.ἱί).
720 5353 773 5409 πᾶν

1310 1119 1352 1182 57

846 1291 920 1361 ἔργον
939 1289 1034 1361 ἀγαθάν
1054 1290 1186 1344 ἐπιτελεῖν.
1211 1306 1260 1360 33.
1311 1290 1352 1343 ἐπὶ

845 1376 899 1426 τοῖς
920 1373 1004 1442 ἔργοις
1027 1372 1105 1423 αὐτοῦ
1127 1371 1286 1442 άγαλλιαται.
1312 1368 1351 1425 ib.

847 1454 873 1505 ἐν
897 1454 979 1522 ἔργοις
1002 1453 1106 1524 ἀγαθοῖς
1128 1455 1220 1508 πάντες
1244 1452 1351 1520 ἐκοσμίη·

847 1535 937 1602 θησαν.
964 1531 1000 1588 ib.
1044 1536 1058 1586 ὁ
1083 1533 1174 1604 Κύριος
1194 1535 1278 1605 ἔργοις
1298 1535 1353 1587 ἔαυ-

848 1618 893 1669 τὸν
920 1613 1060 1683 κοσμησας.
1087 1613 1125 1670 ib.
1166 1617 1241 1687 ἔργον
1263 1616 1354 1669 δικαιο-

848 1694 934 1764 σύνης.
960 1694 999 1751 ib.
1050 1699 1094 1750 τὸν
1114 1697 1191 1768 ίίρτον
1211 1701 1257 1750 τοῦ
1278 1699 1354 1768 ἔργου

848 1779 932 1832 αὐτοῦ.
950 1796 996 1849 34.
1039 1779 1079 1832 ἐπὶ
1093 1782 1143 1831 πᾶν
1160 1777 1234 1850 ἔργον
1250 1778 1352 1848 ἀγαθόν.

848 1857 887 1915 ib.
939 1865 973 1928 μὴ
998 1861 1025 1912 ἐν
1050 1862 1145 1930 λόγοις,
1174 1859 1232 1912 ἀλλ’
1259 1861 1287 1912 ἐν
1311 1861 1352 1924 ἔρ-

848 1963 903 2011 γοις
925 1941 1036 2011 ἀγαθοῖς.
1062 1943 1107 2011 38.
1178 1940 1356 1996 πιστευθέντες

848 2023 916 2093 παρά
931 2027 997 2075 θεοῦ
1011 2024 1084 2093 ἔργον
1097 2027 1203 2075 τοιοῦτο.
1220 2040 1268 2092 43.
1304 2026 1355 2090 ἤτω

850 2107 923 2174 ἁγνὸς
938 2105 965 2156 ἐν
983 2106 1074 2174 ἔργοις.
1092 2106 1140 2171 48.
1191 2104 1302 2174 ιίργυρον
1315 2105 1356 2157 καὶ

849 2187 955 2253 χαλκὸν,
991 2187 1053 2254 ἔργα
1088 2185 1234 2255 ἀνθρώπων.
1264 2183 1296 2238 ΙΙ
1331 2203 1351 2238 Ι.

850 2266 877 2318 ἐν
890 2269 942 2321 τοῖς
956 2267 1038 2336 ἔργοις
1051 2266 1127 2319 αὐτὸν
1139 2269 1309 2336 ὁμολογῶμεν.
1326 2283 1354 2334 4.

852 2347 879 2400 ἐν
902 2345 999 2403 τούτοις
1022 2348 1105 2418 ἔργοις
1127 2349 1291 2417 ὁμολογῶμεν
1313 2349 1357 2400 τὸν

852 2431 924 2481 θεόν.
940 2425 976 2482 ib.
1028 2428 1071 2480 ἐὰν
1086 2429 1119 2496 μὴ
1139 2428 1277 2496 εὖρεθῶμεν
1294 2429 1357 2499 ἔργα

852 2510 953 2578 ἔχοντες
974 2509 1043 2564 ὅσια.
1061 2509 1089 2564 6.
1139 2510 1183 2564 τὰς
1200 2509 1358 2577 α’ντιμισθίας

849 2590 994 2644 ἀποδιδόναι
1016 2592 1114 2664 ἔκάστερ
1138 2595 1189 2644 τῶν
1212 2591 1292 2662 ἔργων
1312 2592 1357 2644 αῦ-

850 2675 901 2726 τοῦ.
923 2689 966 2726 11.
1017 2671 1031 2739 ί]
1045 2671 1120 2743 ψυχίη
1138 2694 1186 2725 σου
1200 2672 1276 2736 δῆλος
1290 2674 1357 2725 ἔστω

851 2754 877 2806 ἐν
890 2756 943 2808 τοῖς
956 2756 1042 2809 καλοῖς
1057 2755 1148 2824 ἔργοις.
1169 2769 1210 2807 12.
1248 2757 1277 2805 τὸ
1292 2776 1356 2824 συγ-

849 2838 947 2905 γενικὸν
965 2837 1040 2906 ἔργον
1056 2834 1272 2906 ...ἀπηρτίσατε
1293 2833 1355 2909 Ign.

853 2913 926 2989 Eph.
946 2933 969 2971 1.
1013 2917 1057 2969 κάν
1079 2917 1106 2970 ἐκ
1127 2922 1178 2970 τῶν
1198 2918 1279 2988 ἔργων
1300 2918 1358 2984 ῦμίν

851 2998 1040 3067 μαθητευθηναι.
1075 3014 1117 3052 10.
1181 2999 1211 3051 οὐ
1237 2999 1287 3068 γάρ
1315 3002 1359 3052 νῦν

853 3078 1004 3151 ἐπαγγελίας
1024 3081 1154 3150 τὸέργον.
1180 3097 1225 3147 14.
1276 3080 1357 3150 κρείτ-

853 3182 906 3213 τονι
917 3161 983 3234 ἔργῳ
996 3206 1002 3216 .
1014 3205 1020 3217 .
1033 3161 1222 3232 ,ἐπιγραφῆναι
1236 3158 1317 3215 Rom.
1332 3178 1357 3215 2.

854 3243 890 3294 Οῦ
906 3244 1002 3308 σιωπῆς
1018 3244 1094 3308 μόνον
1106 3244 1135 3295 τὸ
1152 3243 1233 3313 ἔργον.
1250 3260 1275 3313 3.
1303 3242 1358 3295 Ἰνα

853 3321 897 3376 οῦν
915 3324 1013 3376 τέλειον
1029 3324 1098 3390 ὑμῶν
1110 3323 1211 3393 γένηται
1227 3325 1256 3376 τὸ
1270 3324 1356 3395 ἔργον.

853 3401 966 3476 Smyrn.
985 3421 1027 3457 11.
1050 3405 1081 3457 τά
1097 3404 1219 3458 δεπόσιτα
1235 3406 1312 3471 ὑμῶν,
1328 3407 1359 3458 τὰ

852 3486 915 3556 ἔργα
938 3485 1014 3551 ῦμεῦν.
1038 3483 1132 3558 Polyc.
1161 3485 1187 3538 6.
1229 3490 1308 3538 Τοῦτο
1328 3488 1358 3539 τὸ

851 3567 926 3636 ἔργον
939 3571 1005 3619 θεοῦ
1019 3565 1090 3619 ἐστιν
1103 3569 1142 3619 καί
1156 3568 1232 3633 ὑμῶν.
1251 3578 1275 3637 7.
1319 3567 1358 3622 ἵνα

852 3647 994 3714 δοξασθητε
1009 3648 1100 3720 αίωνίιρ
1114 3650 1189 3721 ἔργῳ.
1206 3650 1232 3702 8.

811 3726 1022 3798 Ἐργοπαρέκτης.
1065 3729 1109 3781 οῦκ
1128 3728 1304 3798 είντοφθαλμεῖ
1322 3735 1358 3805 τῷ

852 3809 1029 3880 ἐργοπαρίιιτη.
1045 3807 1134 3864 Clem.
1151 3810 1163 3863 l
1180 3828 1228 3880 34.

810 3889 966 3960 Ἐρευνητίης.
1009 3890 1156 3960 Ἐρευνητὴς
1169 3895 1219 3963 γάρ
1233 3892 1303 3946 ἐστιν
1316 3893 1355 3946 ἐν·

853 3976 934 4025 νοιεῦν.
950 3970 1041 4027 Clem.
1059 3970 1073 4025 Ι
1091 3990 1136 4026 21.

805 4051 926 4123 Ἐρημος.
995 4054 1087 4124 ἔρημος
1113 4055 1193 4107 ἐδόκει
1220 4050 1281 4108 εἶναι
1307 4053 1358 4107 άπὸ

852 4139 897 4187 τοῦ
933 4139 998 4188 θεοῦ
1025 4139 1039 4187 ὁ
1069 4137 1131 4191 λαὸς
1162 4136 1237 4203 ἡμῶν.
1267 4132 1357 4189 Cleln.

853 4213 885 4268 Π
902 4232 926 4269 2.

810 4297 930 4368 Ἐριθεία.
972 4298 1049 4365 μηδέν
1072 4297 1124 4350 κατ’
1148 4299 1256 4368 ἐριθείαν
1271 4299 1357 4367 πράσ-

853 4400 914 4432 σειν.
932 4375 995 4451 Igu.
1012 4376 1120 4433 Philad.
1138 4381 1164 4433 8.

807 4457 888 4531 Ἐρις.
932 4458 975 4511 Ἐκ
989 4458 1079 4514 τούτου
1094 4463 1168 4529 (ηλος
1183 4505 1188 4515 .
1202 4506 1206 4515 .
1221 4503 1226 4514 .
1239 4462 1278 4513 καὶ
1296 4460 1356 4528 ἔρις.

853 4538 940 4595 Clem.
964 4539 1023 4610 Ι3.
1066 4543 1117 4610 ἔρις
1137 4544 1224 4597 πολεις
1247 4542 1359 4611 μεγάλας

853 4622 1034 4693 κατέστρεψεν.
1058 4622 1083 4677 6.
1126 4623 1293 4677 ἀπολιπόντες
1313 4623 1359 4689 την

852 4704 1039 4771 ματαιοπονίαν,
1051 4704 1097 4773 τίην
1106 4727 1133 4757 τε
1147 4705 1206 4775 ἔριν.
1221 4723 1246 4775 9.
1270 4702 1358 4758 οἵτινες

853 4786 1055 4852 ἐξακοντίζουσιν
1066 4787 1101 4841 είς
1111 4786 1169 4856 ἔριν.
1192 4803 1233 4854 14.
1276 4785 1355 4855 ἀπορ-

852 4867 975 4937 ρίψαντες
994 4867 1040 4937 ἀφ’
1056 4868 1165 4921 ἑαυτῶν.
1180 4910 1185 4921 .
1199 4910 1205 4921 .
1218 4868 1292 4939 ἔρεις.
1309 4880 1355 4937 35.

853 4946 892 4999 ὅτι
905 4949 956 5017 ἔρις
976 4948 1049 5001 ἔσται
1064 4950 1104 5002 ἐπὶ
1122 4952 1167 5002 τοῦ
1180 4949 1300 5017 ὀνόματος
1315 4951 1359 5016 τῆς

852 5027 998 5097 ἐπισκοπῆς.
1020 5047 1068 5097 44.
1107 5028 1160 5082 Ἵνα
1181 5031 1206 5083 τί
1225 5031 1297 5101 ἔρεις,
1319 5032 1359 5083 καί

853 5109 944 5176 θυμοί,·
968 5110 1017 5178 46.
1073 5111 1175 5172 εἰπάτω,
1199 5111 1231 5165 El
1257 5111 1288 5165 δι’
1315 5111 1359 5179 ἐμέ

853 5192 946 5247 στάσις
973 5192 1013 5245 καί
1036 5193 1094 5263 ἔρις.
1122 5205 1167 5262 54.
1206 5191 1288 5247 Ὀταν
1308 5194 1359 5264 γάρ

851 5272 960 5342 μηδεμία
987 5273 1039 5344 ἔρις
1072 5274 1208 5345 ἐνείριοται
1239 5273 1266 5328 ἐν
1292 5274 1356 5344 ὑμῖν.
