3250 6617
459 1068 521 1133 AD
542 1068 833 1145 CORINTHIOS,
856 1067 920 1131 xxi.
1175 1065 1217 1133 95

173 1244 349 1345 Aequum
370 1252 430 1319 est
448 1242 572 1343 igitur,
588 1251 634 1317 ut
649 1269 673 1317 a
688 1240 881 1315 voluntate
907 1240 985 1341 ejus
1007 1264 1082 1314 non
1101 1240 1217 1314 simus

173 1360 397 1461 transfugae.
448 1360 627 1435 Homines
653 1358 788 1433 stultos
813 1367 853 1433 et
875 1357 1098 1456 insipientes,
1116 1368 1155 1431 et
1176 1356 1216 1430 in

173 1478 350 1553 sermonis
375 1478 434 1552 sui
457 1476 627 1575 superbia
656 1475 771 1551 elatos
798 1502 840 1550 ec
864 1474 1072 1575 gloriantes,
1092 1475 1215 1573 potius

173 1622 286 1695 quem
304 1595 435 1681 Deum,
452 1593 685 1668 offendamus.
737 1592 937 1667 Dominum
959 1590 1089 1665 Jesum
1111 1590 1216 1666 Chri-

173 1721 285 1799 stum,
315 1710 419 1812 cujus
452 1710 602 1811 sanguis
635 1735 700 1808 pro
733 1708 838 1783 nobis
872 1708 981 1781 datus
1015 1716 1081 1794 est,
1108 1734 1216 1781 vene-

172 1853 320 1917 remur;
358 1827 424 1927 qui
451 1827 556 1902 nobis
584 1836 761 1926 praesunt
789 1850 1029 1911 revereamur,
1060 1823 1217 1898 seniores

172 1954 319 2019 nostros
351 1944 578 2031 honoremus,
602 1942 761 2044 juvenes
787 1943 826 2016 in
856 1940 1047 2041 disciplina
1075 1941 1218 2016 timoris

173 2194 198 2228 ε.
212 2174 278 2229 nl.
321 2170 457 2248 LegImus
489 2169 567 2229 enim
600 2170 678 2247 apud
716 2174 802 2226 θεοῦ.
819 2214 826 2228 .
843 2213 849 2227 .
865 2167 932 2241 sive,
941 2174 975 2226 ut
984 2166 1054 2224 mihi
1067 2165 1219 2224 verisimile

173 2270 241 2311 cum
257 2253 297 2331 [p.
313 2254 368 2310 611
386 2252 428 2311 ed
444 2252 567 2327 Potter.]
590 2252 678 2311 οὗτοι
716 2250 808 2329 magis
835 2250 957 2322 videtur,
991 2254 1103 2307 mutata
1130 2247 1217 2306 inter-

173 2336 269 2408 ἐγγίζει
289 2338 343 2393 τοῖς
365 2334 499 2392 damnet
518 2334 618 2408 Κύριοι,
637 2336 677 2390 καὶ
716 2332 870 2409 punctione
897 2331 939 2389 ita
961 2330 1096 2407 legamus,
1116 2330 1220 2403 ’Enpe-

172 2416 249 2473 otte
269 2416 381 2487 mate
402 2418 479 2471 αὐτὸν
503 2423 554 2471 τῶν
578 2416 678 2471 ε’ννοιῶν
716 2422 803 2485 πῶμεν
836 2414 880 2470 οὖν
919 2414 978 2471 τοὺς
1017 2412 1219 2486 προηγουμένους

173 2498 216 2553 sui
231 2500 405 2571 διαλογισμῶν
417 2498 452 2553 ὧν
463 2496 610 2568 ποιούμεθα·
633 2500 678 2553 τὸν
717 2496 792 2567 ἡμῶν,
819 2495 860 2552 καὶ
886 2496 1049 2565 σῖδεσθῶμεν·
1077 2494 1136 2551 τοὺς
1155 2514 1217 2565 πρε-

173 2577 270 2651 Κΰριον
283 2578 384 2647 Ἰησοῦν
402 2578 479 2651 λέγει,
493 2582 538 2633 τὸν
557 2602 593 2655 τφ
612 2602 676 2635 παν·
717 2577 859 2651 σβυτίρουε
882 2576 1035 2648 τιμήσομεν·
1064 2576 1123 2631 τοὺς
1150 2575 1220 2631 νέους

172 2682 343 2735 τοαρααοριιεφ
353 2658 474 2731 θελήματι
486 2660 625 2717 ἐπίσκοπον
633 2663 678 2731 nis
716 2659 892 2730 παιδεύσειμεν
904 2681 925 2715 ιι
937 2682 961 2714 τ.
973 2661 998 2713 λ.
1041 2656 1071 2714 Ν
1073 2654 1220 2731 entiquam

173 2740 278 2813 καρδίαι
309 2740 386 2813 ἡμῶν,
412 2740 444 2797 οὒ
469 2744 500 2796 τὸ
525 2738 587 2811 αἷμα
613 2743 677 2813 ὑπὲρ
716 2758 784 2797 vero
806 2738 920 2797 discedo
943 2758 961 2796 a
982 2738 1124 2798 sententia
1146 2756 1218 2805 mea,

173 2820 246 2893 ἥμὸυ
270 2821 389 2895 ''Wol-
433 2823 608 2895 Ἐνιρσπῶμευ
634 2822 679 2878 οὖν
717 2820 813 2879 omnia
839 2840 870 2878 se
896 2828 972 2879 recte
1005 2820 1109 2879 habere
1142 2818 1220 2897 apud

173 2904 235 2961 robe
246 2905 449 2977 προηγουμένους
468 2904 544 2975 ἡμῶν,
558 2906 599 2959 καὶ
611 2906 678 2960 αἰδε-
718 2902 896 2961 Clementem
910 2902 1079 2971 Romanum,
1090 2902 1155 2961 licet
1168 2901 1219 2959 ali·

174 2984 279 3053 αθὸμιι
298 2986 358 3042 τοὺς
378 2985 576 3058 πρεσβυτέρους·
606 2986 678 3057 τιμή·
717 2983 869 3042 terrisum
889 2983 974 3042 luerit
987 2982 1148 3061 Anonymo,
1169 2984 1219 3063 qni

174 3087 263 3135 σιιμεν
273 3066 334 3123 rote
346 3064 424 3123 νέουι·
445 3066 620 3137 παιδεῦσομεν
632 3070 678 3137 τὴν
717 3064 748 3122 ln
761 3064 824 3135 hoc,
838 3065 862 3123 si
882 3085 939 3141 quo
959 3065 1015 3123 ulio
1035 3065 1065 3123 in
1084 3065 1154 3138 locu,
1169 3086 1220 3125 no-

172 3148 291 3203 ιιαιδεὶαυ
312 3151 358 3201 τοῦ
383 3152 458 3203 θεοῦ·
486 3150 606 3221 μακάριοι
627 3151 677 3222 γὰρ
717 3146 788 3204 dum
808 3146 838 3203 in
858 3146 951 3223 scirpo
972 3147 1083 3223 quaerit
1095 3167 1103 3217 ;
1125 3149 1220 3207 obser·

173 3230 272 3285 ιε.τ.)ι.
316 3226 361 3285 Εο
382 3228 467 3286 modo
488 3227 626 3287 sehabet
647 3229 678 3287 in
717 3227 796 3287 vavit
817 3228 893 3287 enim
911 3228 988 3305 quod
1003 3228 1124 3287 ‘Omnia
1143 3229 1219 3307 apud

174 3308 311 3367 omuibus
337 3308 481 3367 codicibus
510 3309 676 3388 impressis:
719 3310 829 3369 ‘Cleua
850 3309 932 3368 Alex.
950 3311 1039 3387 probe
1059 3310 1218 3370 cohaerent

174 3388 251 3449 mule
271 3389 467 3467 proculdubio,
486 3392 582 3450 omnia
601 3392 678 3449 enim
720 3390 829 3468 ‘Apud
863 3391 951 3450 Olcm.
983 3393 1067 3450 Rom.
1094 3392 1221 3451 maxima

175 3470 294 3531 comm
317 3478 347 3531 et
370 3472 489 3531 obscura
509 3480 584 3545 sunt,
609 3472 679 3531 dum
719 3476 784 3532 ‘est
796 3472 982 3550 perturbatio.
1013 3473 1106 3551 Caput
1116 3475 1170 3533 hoc
1183 3494 1221 3533 ex

175 3550 300 3631 legimns
329 3554 473 3626 τιμήσομεν
505 3557 564 3613 τοὺς
600 3556 677 3621 υέουε,
719 3554 830 3613 ‘Clem
859 3553 943 3614 Alex.
972 3576 998 3633 p.
1029 3570 1084 3629 517
1118 3556 1221 3615 misere

177 3630 280 3713 (quum
298 3634 356 3707 τιμή
377 3633 553 3712 Presbyteris
572 3635 611 3695 sit
626 3635 679 3693 im·
720 3640 908 3713 ‘corruptum
922 3637 983 3695 est’
1023 3636 1140 3695 Nemini
1154 3657 1221 3696 sane

175 3714 337 3793 pcrtienda,
370 3715 431 3775 sive
467 3723 586 3775 naturae
618 3717 679 3776 sive
719 3717 773 3775 nisi
792 3717 945 3794 Anonymo
963 3718 1025 3795 ipso
1044 3716 1128 3798 [Edv.
1152 3720 1220 3778 Ber·

177 3796 328 3873 Evangelii
349 3796 426 3875 leges
447 3816 481 3857 ιιο
501 3798 680 3875 disciplinam
719 3796 812 3878 nard]
842 3818 914 3875 quac
940 3801 1017 3876 apud
1044 3800 1221 3860 Clementem

176 3874 351 3957 spectemus)
371 3880 546 3951 παιοεῦσομευ
565 3882 680 3937 παιδείαν
719 3889 849 3939 nostrum
864 3880 984 3957 legimus
997 3888 1116 3959 possunt
1130 3882 1220 3940 videri

176 3966 224 4017 τοῦ
237 3964 314 4017 θεοῦ.
356 3958 435 4033 Quos
452 3960 635 4020 instituamus
648 3961 679 4020 in
718 3961 813 4019 minus
847 3962 995 4040 perspicua
1029 3983 1114 4040 quam
1149 3984 1221 4040 quae

177 4040 328 4119 disciplina
350 4040 415 4114 Dei,
435 4062 471 4101 ne
486 4042 605 4103 verbum
626 4050 676 4103 est.
718 4043 795 4119 apud
808 4042 1041 4103 Alexandrinum.
1062 4045 1182 4104 WOTT.

178 4120 489 4183 IuClementenostro
502 4124 679 4184 omniasrmt
760 4138 786 4197 5.
802 4127 889 4201 ἐδόθη]
914 4126 962 4184 Ita
983 4126 1052 4185 Cod.
1072 4126 1133 4185 MS.
1169 4127 1222 4185 Ju-

177 4203 328 4343 pmpicus
340 4211 370 4264 et
382 4204 524 4278 distinctu,
538 4212 568 4264 et
581 4205 678 4284 singu·
720 4205 784 4264 nius
797 4206 895 4266 mallet
903 4208 1018 4281 ε’ξεχῦθη.
1034 4207 1120 4286 Apud
1131 4209 1219 4269 Clem.

189 4284 223 4359 ἰ,
239 4304 313 4363 quae
332 4304 384 4344 sua
403 4292 478 4359 nint,
491 4287 678 4347 tribuunt-ur:
720 4288 803 4346 Alex.
820 4287 925 4347 Strom.
940 4288 970 4347 iv
988 4305 1031 4364 17,
1053 4310 1080 4367 p.
1098 4292 1153 4349 611
1177 4291 1220 4349 ed

177 4364 249 4427 Σοου
266 4366 382 4427 Christo
401 4368 517 4441 ε’πρυπή,
538 4368 680 4428 Ecclesiae
721 4369 827 4428 Potter.
843 4370 964 4448 legimus
978 4372 1093 4445 ἡγιάσθη.

178 4446 584 4527 PnepoflitlsulveEplscopis
597 4450 680 4524 cibor,
760 4450 797 4509 ib.
822 4454 887 4511 Tude
912 4450 1126 4534 προηγουμένους]
1148 4453 1223 4514 Vide

179 4530 356 4607 Pumbyteris
368 4532 435 4605 τιμῆ,
448 4538 478 4591 et
496 4530 618 4609 denique
633 4532 680 4609 ju·
720 4550 807 4609 supra
820 4552 846 4609 p.
864 4550 907 4606 10,
921 4532 939 4591 l.
959 4553 982 4591 1.

177 4612 300 4671 vultibus
319 4610 464 4671 minutio
479 4612 680 4691 etdlsciplinu.
762 4628 788 4687 7.
823 4616 883 4673 τοὺς
918 4614 989 4673 »love
1027 4614 1218 4698 παιδεύσομεν]

179 4692 541 4771 fluuuriutcunqucpotest
549 4694 682 4754 Clemens
721 4694 815 4753 Poene
828 4694 926 4753 eodem
939 4696 1026 4754 verba
1045 4696 1187 4756 habentur
1206 4718 1224 4755 a

177 4772 399 4848 Alexandrinus,
416 4774 477 4835 sive
499 4794 565 4834 cum
583 4774 681 4835 Boisio
722 4775 750 4834 S.
774 4776 931 4854 Polycarpo
958 4776 989 4834 in
1016 4776 1147 4854 Epistola
1172 4798 1224 4838 sua

177 4856 394 4935 interponamus
413 4860 496 4930 αὐτόν,
509 4864 539 4917 et
553 4856 682 4936 legumus
721 4857 758 4915 ad
779 4857 973 4935 Philippenses
998 4854 1026 4939 [5
1042 4856 1072 4940 4]
1095 4864 1132 4917 Τὰ
1150 4862 1224 4919 rim

177 4940 357 5013 Ἐπροπόμεν
375 4938 421 4995 οὖν
438 4941 521 5005 αὑτόν,
542 4942 602 4999 τοὺς
619 4964 682 5015 προ-
720 4939 847 4997 παιδεῦειν
870 4942 916 5011 τὴν
930 4942 1045 4997 παιδείαν
1067 4947 1114 4998 τοῦ
1136 4947 1223 5018 φόβου

178 5024 332 5095 mpsim
351 5020 421 5091 ἠμὸν
439 5022 602 5093 αἱδεσθὸμεν,
623 5024 683 5080 τοὺς
721 5027 767 5077 τοῦ
787 5026 862 5078 θεοῦ.
905 5022 1002 5095 Quum
1023 5022 1053 5080 in
1074 5023 1153 5083 brevi
1174 5024 1224 5084 illu

178 5102 373 5177 αρισβυείρουι
390 5100 543 5174 τιμήσομεν,
563 5103 624 5161 τοὺς
643 5104 682 5159 ιε’-
722 5101 854 5179 Epistola
879 5100 907 5161 S.
934 5102 1106 5182 Polycarpus
1133 5125 1223 5183 paene

180 5206 225 5245 ιυο
244 5182 422 5255 παιδεύωμεν
440 5184 487 5255 nlr
505 5184 620 5241 παιδείου
637 5190 683 5241 τοῦ
722 5183 792 5261 ipsis
812 5183 907 5244 vorbis
934 5184 962 5245 S.
987 5184 1143 5247 Clementis
1166 5187 1221 5248 fre·
