3250 6617
377 1071 421 1133 88
743 1066 775 1129 S.
799 1063 1057 1130 CLEMENTIS

376 1237 600 1342 παρεκβαίνει
628 1234 674 1315 τὰ
709 1233 966 1339 περιτεθειμένα
1001 1236 1091 1340 αὐτῇ
1128 1238 1287 1336 κλεῖθρα,
1322 1230 1421 1311 ἀλλὰ

377 1363 494 1450 καθὼς
510 1360 667 1467 διέταξεν
684 1362 788 1469 αὐτῇ,
810 1364 921 1446 οὕτως
941 1368 1041 1443 ποιεῖ·
1069 1357 1162 1441 εἶπεν
1179 1357 1265 1463 γὰρ,
1288 1356 1422 1444 ((Ἔως

379 1505 400 1540 “
418 1491 484 1571 ὧδε
512 1489 622 1595 ἥξεις,
651 1495 708 1570 καὶ
734 1489 781 1569 τὰ
808 1488 947 1588 κύματά
974 1523 1044 1570 σου
1069 1490 1107 1568 ἕν
1136 1523 1198 1568 σοι
1222 1486 1419 1591 συντριβή-

377 1634 399 1669 “
417 1621 553 1701 σεται.”
593 1618 762 1704 Ὠκεανὸς
779 1616 978 1722 ἀνθρώποις
995 1616 1202 1721 ἀπέραντος,
1218 1619 1277 1696 καὶ
1296 1621 1329 1695 οἱ
1346 1615 1420 1715 μετ’

379 1918 527 1976 Hebraeus
541 1917 649 1976 Textue
667 1936 724 1973 non
740 1915 878 1993 agnoscit,
920 1920 1078 1993 ‘magnum
1091 1922 1122 1974 et
1138 1915 1270 1974 inausum
1287 1917 1422 1994 navigan-

377 2000 419 2059 ita
438 1999 544 2077 legitur
563 1998 639 2076 apud
653 1998 734 2055 LXX
751 1997 822 2055 Inte
840 1997 879 2054 cul
921 1997 1019 2056 ‘tibus
1032 2004 1119 2075 atque
1131 1997 1307 2057 intentatum
1327 1998 1422 2057 nautia

377 2081 502 2154 συνήχθη,
526 2101 579 2158 pro
606 2100 663 2156 quo
686 2078 817 2138 Clemens
836 2077 879 2137 vi-
920 2078 1042 2137 ‘fundat
1062 2098 1148 2150 mare,
1163 2080 1242 2157 quod
1257 2079 1423 2139 Britannias

377 2162 462 2220 detur
495 2162 596 2240 legisse
630 2165 748 2231 συνέστη.
800 2160 879 2218 Voce
920 2160 1074 2219 ‘frementi
1108 2159 1229 2220 includit
1259 2161 1422 2239 aequorel‘

377 2247 513 2316 συνίστημι
531 2251 631 2321 postea
651 2242 681 2300 in
701 2240 879 2300 vcxaionibua
920 2242 1120 2301 Hexacmeron
1141 2241 1192 2299 III
1214 2241 1246 2300 iii
1264 2257 1308 2316 15.
1352 2243 1423 2302 Gui-

376 2325 436 2383 suis
462 2325 507 2383 uei
529 2332 597 2384 aunt
618 2324 724 2402 Aquila
745 2331 775 2382 et
795 2322 879 2399 Sym·
917 2323 1030 2381 liclmua
1037 2323 1281 2382 BurtonJunium
1294 2325 1424 2401 sequitur

377 2407 502 2478 machua,
522 2426 644 2484 quornm
664 2414 785 2482 uterque
805 2403 880 2482 peri·
919 2411 949 2464 et
966 2404 1060 2463 locum
1080 2405 1170 2463 Solini
1191 2405 1309 2483 profert,
1324 2406 1423 2465 ‘Mara

376 2508 466 2566 copen
480 2488 644 2547 immediate
663 2487 880 2565 praecedentem
920 2485 1019 2563 ‘quod
1048 2485 1219 2545 Hiberniam
1251 2494 1281 2547 et
1308 2487 1422 2547 Britan-

376 2569 418 2629 ita
430 2578 557 2633 vertunt.
572 2574 612 2627 καὶ
626 2570 746 2640 συατὴτω
764 2571 794 2624 τὸ
810 2567 878 2640 ὕδωρ
920 2568 1018 2625 ‘ulam
1031 2567 1169 2640 interluit,
1179 2568 1322 2627 undosum
1336 2576 1367 2628 et
1380 2569 1422 2626 ln·

376 2658 407 2709 τὸ
420 2656 536 2709 ὑποκάτω
555 2658 601 2707 τοῦ
617 2654 730 2724 οὐρανοῦ.
754 2648 876 2707 WO'l'T.
920 2649 1070 2726 ‘quietum
1085 2658 1148 2710 tote
1166 2650 1197 2708 in
1210 2670 1293 2721 anno,
1307 2650 1421 2709 nonnisi

419 2754 444 2807 3.
469 2738 502 2789 τὰ
528 2733 624 2804 κύματά
645 2729 707 2826 σου]
733 2731 769 2788 In
793 2729 880 2789 MSto
921 2730 1057 2789 ‘aestivis
1087 2731 1215 2809 pauculis
1248 2733 1350 2791 diebus
1378 2741 1422 2792 oet

377 2825 541 2879 ΚΡΥΜΑΤΑ,
575 2813 726 2871 oscitantia
761 2811 878 2883 librarii,
920 2812 1118 2890 ‘navigabile’
1164 2813 1301 2890 Polyhiat.
1331 2814 1420 2891 §aa

377 2896 425 2972 qui
449 2905 592 2952 KPIMATA
612 2895 708 2972 paullo
728 2903 795 2952 ante
810 2893 879 2951 acri-
920 2894 1017 2952 Fellua
1030 2903 1128 2954 autem
1141 2894 1423 2954 demareAtlantico

376 2984 480 3055 peccat.
920 2976 1047 3052 exponit.

417 3058 454 3116 lb.
471 3062 498 3114 ἕν
517 3082 560 3114 σοι
580 3053 799 3136 συντριβήσεται]
819 3055 880 3113 Ha·
960 3058 997 3117 lb.
1020 3053 1169 3136 ἀπέραντος]
1196 3057 1244 3117 Ita
1265 3057 1334 3117 cod.
1357 3058 1420 3117 MS.

377 3141 483 3198 bantur
500 3138 569 3197 haec
589 3139 685 3215 paullo
703 3137 787 3196 aliter
803 3137 880 3214 apud
919 3159 1005 3217 quam
1039 3138 1189 3197 lectionem
1217 3138 1306 3198 Cleua
1336 3139 1421 3198 Alex

377 3220 459 3277 LXX
474 3221 545 3279 Inte.
562 3225 646 3294 Μέχρι
665 3219 756 3276 τούτου
775 3220 879 3290 elsim,
920 3220 1025 3279 Strom.
1051 3241 1070 3277 v
1090 3238 1134 3291 12,
1155 3240 1182 3297 p.
1204 3222 1262 3295 693
1287 3220 1331 3280 ed.
1355 3221 1423 3279 Pol*

377 3306 418 3359 καὶ
437 3306 485 3375 οὐχ
506 3303 648 3375 ὑπερβὴσρ,
665 3302 723 3357 ἀλλ’
738 3303 764 3357 ἓν
784 3305 879 3372 σεαυτῇ
919 3310 971 3361 ter.
987 3300 1144 3360 confirmat.
1186 3301 1291 3360 Junlus
1312 3309 1342 3362 et
1359 3302 1423 3361 Fel-

378 3384 575 3457 σνντριβὴσεταί
612 3407 661 3439 σου
702 3385 734 3437 τὰ
774 3382 876 3451 κύματα
919 3383 963 3441 lus
977 3383 1096 3442 mallent
1108 3385 1241 3457 ἀπέρατος,
1255 3384 1300 3442 uti
1314 3392 1344 3442 et
1358 3384 1424 3442 On'·

379 3465 453 3524 Hel».
473 3466 588 3535 Textua,
609 3465 651 3521 Et
673 3463 719 3521 lic
736 3473 823 3538 ροιιιι
845 3462 880 3520 in
919 3485 1006 3541 genes
1018 3463 1133 3523 videtur
1152 3464 1254 3542 legisse
1272 3465 1304 3523 in
1319 3465 1421 3524 Enoch.

378 3547 497 3604 elotiom
511 3546 625 3623 fluctuo
649 3554 718 3603 ναοι.
762 3543 877 3621 Vulgat.
919 3545 970 3605 viii
985 3566 1012 3620 3,
1032 3545 1106 3624 Opp.
1122 3545 1153 3602 iii
1174 3566 1201 3623 p.
1219 3565 1276 3618 422
1292 3546 1336 3606 ecl
1352 3547 1421 3606 Ben.

378 3628 475 3705 paullo
489 3628 606 3705 propius
620 3627 656 3684 ad
670 3626 760 3698 LXX,
773 3626 815 3682 Ec
835 3625 881 3682 laic
920 3647 1006 3705 quem
1019 3628 1114 3685 locum
1127 3627 1295 3686 Gellandiua
1313 3628 1424 3706 primus

378 3707 878 3786 emascioyeatomenteafluctuatooa.
920 3709 997 3768 inter
1019 3709 1176 3767 Clementia
1195 3708 1330 3768 Editorea
1351 3710 1424 3769 indi·

379 3791 481 3850 Veraio
503 3791 627 3868 Synaca,
640 3791 682 3849 Et
694 3790 741 3847 lic
753 3789 881 3847 nunaebie
920 3791 1002 3850 cavit.
1032 3790 1135 3849 Suidaa
1148 3790 1272 3867 quidem,
1285 3811 1347 3850 voc.
1362 3793 1423 3849 Ἀσ-

378 3875 413 3931 ιίι
434 3873 635 3948 ιιιαριιὶιαιίἱιιι
646 3871 797 3948 fluctuante
820 3881 880 3928 tuo·
921 3875 1017 3946 έρστον,
1052 3872 1121 3930 haec
1154 3872 1249 3938 habet,
1276 3875 1423 3947 Ἀπίρατον

378 3976 454 4013 ιτιτιι.
502 3954 612 4012 Eodem
633 3953 719 4011 modo
743 3952 881 4010 achabet
919 3957 1032 4028 ἄπειρον,
1047 3957 1119 4028 μέγα,
1134 3955 1165 4010 οὗ
1182 3956 1262 4029 πέρας
1279 3957 1326 4011 οὐκ
1344 3958 1421 4013 ἔστιν.

378 4036 481 4094 Veraio
504 4035 633 4094 Arabica
684 4033 880 4110 Symmachua,
922 4040 953 4091 01
966 4038 994 4091 δὲ
1007 4038 1070 4106 μετὰ
1087 4041 1133 4091 τοῦ
1147 4041 1176 4091 νῦ
1188 4040 1332 4110 γράφοντα
1344 4043 1423 4111 ἆμαρ-

379 4122 494 4184 κυμάτων
516 4120 631 4190 τετάχθω
653 4120 683 4171 τὸ
706 4119 805 4190 ἔπαρμα
831 4122 882 4170 τῶν
920 4119 1047 4174 τάνονσιν.
1090 4117 1131 4175 At
1151 4117 1178 4175 el
1201 4118 1284 4195 plura
1303 4117 1424 4195 scrlpto·

373 4201 442 4258 ‘'Ecc
456 4201 572 4255 otico.
595 4196 716 4255 WO'l'l'.
920 4217 986 4254 rum
1012 4197 1206 4275 antiquiomm
1232 4198 1296 4257 loca
1325 4199 1424 4276 objicit

420 4300 445 4351 4.
469 4276 597 4359 Ὠκεανὸς]
616 4277 815 4337 Britannicum
831 4297 882 4335 no-
922 4279 1055 4337 Snicerne
1069 4279 1099 4336 in
1113 4279 1195 4339 Thes.
1212 4279 1287 4339 Eocl.
1300 4280 1331 4338 in
1345 4300 1421 4340 voce

378 4368 471 4420 atrum
488 4368 517 4420 et
532 4360 720 4419 Hibernicum
740 4379 819 4417 mare
838 4359 881 4416 in-
922 4359 1018 4438 Hujus
1030 4369 1127 4420 autem
1144 4362 1173 4420 S.
1189 4361 1283 4420 Patria
1295 4361 1351 4420 loci
1366 4382 1424 4420 me·

378 4443 484 4520 telligit
504 4441 618 4515 lunius,
639 4450 669 4500 et
688 4442 824 4500 lectorem
844 4441 881 4498 ad
921 4442 1066 4500 minerunt
1089 4451 1202 4519 piaeter
1223 4443 1312 4502 Clem.
1338 4443 1421 4501 Alere

379 4525 517 4583 Basilium
558 4531 587 4583 et
618 4523 804 4581 Ambrosium
837 4543 881 4580 rc·
922 4532 951 4582 ct
966 4523 1121 4601 Origenem
1135 4525 1187 4582 loc.
1200 4524 1247 4584 cit
1261 4523 1309 4583 hic
1318 4525 1423 4584 iterum

378 4607 478 4676 mittit,
497 4625 620 4682 quomm
635 4606 691 4676 ille,
706 4605 793 4662 Hom.
810 4625 828 4676 4
849 4604 879 4661 in
920 4609 977 4678 περὶ
998 4607 1099 4678 Ἀρχῶν
1114 4606 1147 4662 ΙΙ
1169 4606 1200 4663 iii
1220 4607 1247 4678 6,
1268 4606 1344 4683 opp.
1362 4606 1374 4665 i
1394 4627 1421 4684 p.

378 4688 587 4758 Hexae'meron
618 4692 648 4743 τὸ
684 4690 799 4761 πέλαγος
835 4689 881 4757 τὴν
922 4689 959 4744 82
982 4686 1024 4744 ed.
1049 4686 1118 4746 Ben.
1170 4687 1366 4765 Hieronymua
1387 4689 1423 4745 ad

379 4773 542 4842 Βρεταννικὴν
563 4774 640 4840 νῆσον
660 4771 700 4824 καὶ
722 4773 780 4827 τοὺς
804 4771 880 4824 ἑσπε-
922 4768 1024 4844 Ephes.
1041 4769 1060 4826 ii
1078 4788 1103 4841 2,
1119 4770 1191 4846 Opp.
1207 4770 1247 4826 vii
1261 4790 1288 4846 p.
1305 4784 1360 4844 571
1378 4770 1420 4828 ecl

378 4854 447 4923 ρίους
490 4851 595 4923 Ἴβηρας
635 4854 878 4923 περιπτυσσόμενον.
921 4849 1040 4908 Vallata.
1055 4851 1104 4928 qui
1118 4851 1155 4908 ab
1172 4849 1297 4927 Origene
1310 4851 1423 4910 videtur

377 4934 443 5004 μέγα
469 4941 552 4990 vocat
580 4940 609 4991 et
632 4935 780 5004 πλωτῆρσιν
806 4932 881 4986 ἀτόλ-
921 4932 1061 5003 sonnisse,
1084 4952 1194 4991 necnon
1211 4932 1330 4991 Photiua
1351 4933 1421 4991 cod.

378 5031 464 5082 μητον·
486 5013 559 5089 Opp.
582 5012 592 5070 i
616 5033 643 5089 p.
667 5031 703 5083 4²
726 5012 769 5071 ed.
792 5011 879 5070 Paris.
922 5015 1014 5072 cxxvi.
1042 5014 1198 5073 Clementis
1211 5015 1306 5085 verba,
1320 5022 1355 5072 ut
1369 5014 1422 5072 (lc-

382 5094 468 5166 1638,
482 5093 527 5151 hic
546 5093 587 5151 aie
600 5093 706 5157 scribit.
723 5093 812 5167 ‘Quia
833 5095 881 5152 de·
921 5094 1021 5154 tolcrio
1045 5096 1294 5167 via11n1,imitatur
1315 5095 1422 5172 Diony-

380 5184 386 5205 ‘
402 5174 467 5232 inde
479 5175 558 5244 sciet,
569 5174 599 5232 in
613 5182 751 5251 quantum
765 5196 795 5233 se
808 5176 879 5233 illud
920 5175 979 5234 aius
996 5176 1078 5235 Alex.
1098 5198 1141 5253 ap.
1160 5178 1260 5236 Euaeb.
1280 5177 1316 5235 H.
1334 5177 1367 5236 E.
1383 5177 1421 5234 w'i
