3250 6617
408 1059 494 1124 lxxvi
697 1064 842 1128 INDEX
871 1065 1145 1130 EDITIONUM.

494 1236 665 1299 Pearsonus
686 1237 719 1299 in
739 1237 993 1301 annotationibus
1014 1239 1077 1302 suis
1099 1239 1231 1302 subinde
1252 1247 1452 1303 correxerat:

494 1340 656 1423 subjunxit
678 1343 760 1404 Acta
786 1342 934 1426 Martyrii
965 1344 997 1404 S.
1014 1342 1145 1426 Ignatii,
1170 1343 1203 1406 S.
1220 1344 1385 1428 Polycarpi
1412 1345 1455 1407 ad

494 1443 706 1526 Philippenses
722 1444 905 1526 Epistulam,
922 1453 953 1507 ct
974 1445 1128 1510 Ecclesiae
1150 1446 1350 1530 smyrnensis
1370 1447 1453 1530 Epi·

492 1545 606 1609 stolam
621 1546 658 1608 de
675 1547 707 1607 S.
719 1546 882 1631 Polycarpi
897 1548 1063 1632 Martyrio.
1109 1549 1339 1613 Annotationes
1355 1550 1452 1613 Pear-

492 1649 558 1713 soni
575 1648 759 1732 Ignatianas
775 1650 875 1714 solum
887 1652 1044 1735 Epistolas
1060 1658 1223 1735 spectant;
1241 1652 1358 1715 Smithi
1375 1674 1453 1716 vero

492 1759 583 1816 notae
603 1752 777 1835 Epistolam
798 1777 920 1838 quoque
943 1755 1117 1840 Polycarpi,
1133 1762 1165 1819 et
1188 1756 1349 1840 utriusque
1364 1757 1453 1820 Acta

491 1856 660 1918 illustrant.

535 1959 639 2043 Hujus
654 1958 735 2036 libri,
751 1982 844 2042 quem
860 1958 976 2022 Christ.
988 1963 1072 2044 Aug.
1091 1962 1311 2040 Heumannus,
1321 1963 1355 2026 in
1370 1964 1449 2026 Act.

490 2062 612 2124 Erudit.
637 2061 722 2144 Lips.
745 2084 773 2123 a.
793 2077 885 2143 1710,
908 2085 1012 2126 mense
1035 2063 1133 2142 Maio,
1154 2064 1318 2141 recensuit,
1340 2086 1450 2128 exem-

490 2164 586 2246 plaria
600 2187 699 2247 pauca
713 2164 821 2226 charta
836 2165 945 2248 majori
960 2172 1035 2229 sunt
1049 2166 1208 2250 impressa.

403 2317 677 2398 *1711,Locrlirri,
695 2317 723 2378 8.

532 2421 626 2483 Gon..
639 2421 808 2498 Wulsrorv,
821 2421 854 2484 in
870 2428 955 2485 tomo
970 2421 1071 2504 priore
1086 2420 1157 2484 libri
1172 2420 1223 2484 eui
1236 2421 1361 2497 titulus,
1371 2421 1448 2483 Pri-

488 2526 588 2587 mitiae
612 2525 806 2608 Cdristicur‘ty
826 2525 953 2602 reuired,
975 2547 1027 2607 pp.
1048 2544 1183 2610 1-391,
1206 2529 1372 2608 utramque
1397 2546 1448 2586 re-

488 2627 663 2691 censionem
682 2627 894 2710 Epistolarum
916 2626 1067 2689 exhibuit.
1114 2627 1305 2710 Longiorem
1325 2649 1364 2689 cx
1380 2627 1447 2690 Us-

488 2731 559 2794 serii
580 2730 715 2794 editione
736 2730 933 2813 desumptam
948 2752 1029 2792 nova
1044 2729 1185 2793 versione
1199 2729 1349 2794 donavit:
1374 2730 1447 2794 brc-

487 2834 566 2897 viori
588 2856 627 2897 ex
648 2833 784 2898 editione
805 2833 1008 2896 Aldrichiana
1028 2833 1318 2916 interpretationem
1333 2833 1447 2897 Wakii

486 2937 640 3020 apposuit.
687 2936 947 3000 Dissertationcm
969 2935 1129 3018 praemisit
1153 2957 1215 3019 qua
1237 2934 1367 3019 probare
1391 2957 1445 2998 co-

486 3049 579 3105 natus
609 3051 656 3105 est
685 3042 842 3124 Epistolas
876 3041 1033 3124 longiores
1067 3040 1148 3104 solas
1180 3041 1334 3124 genuinus
1366 3063 1446 3118 esse,

487 3145 641 3208 breviores
661 3149 767 3207 autem
787 3166 850 3206 non
872 3143 932 3206 nisi
953 3149 1099 3226 excerpta
1118 3166 1157 3206 ex
1178 3142 1250 3222 illis,
1273 3143 1313 3207 ab
1336 3144 1444 3208 haere-

487 3247 558 3310 ticis
573 3247 686 3310 saeculi
702 3247 806 3331 quarti
823 3247 914 3309 sacta.

406 3418 498 3484 1741,
513 3403 662 3478 Basileae,
679 3402 707 3464 8.
729 3402 803 3486 (vid.
821 3425 923 3485 supra,
939 3425 969 3485 p.
983 3401 1095 3485 lxviii.)

529 3507 559 3568 J.
577 3506 614 3568 L.
633 3507 728 3568 Fnar.
774 3505 891 3568 Smithi
914 3504 1083 3569 editionem
1104 3503 1272 3586 integram,
1287 3526 1350 3566 una
1368 3525 1444 3567 cum

485 3608 739 3691 praefationibus,
761 3609 864 3672 denuo
890 3607 1144 3692 repraesentavit.
1190 3605 1324 3669 Mendes
1347 3612 1442 3690 typo-

484 3713 648 3796 graphicae
675 3712 865 3789 emendavit,
889 3711 991 3774 multa
1016 3710 1083 3772 loca
1108 3731 1125 3772 e
1149 3708 1307 3772 veteribus
1332 3707 1441 3787 citata,

484 3815 631 3878 instituta
659 3815 805 3899 diligenti
840 3812 1052 3897 inquisitione,
1082 3810 1146 3874 suis
1181 3810 1359 3874 auctoribus
1393 3833 1442 3874 re-

484 3919 599 3998 stituit,
629 3925 684 3982 aut
713 3919 856 3984 correxit.
905 3916 1061 3999 Antiquos
1091 3915 1247 3978 versiones
1275 3914 1315 3977 ad
1344 3914 1441 3977 finem

484 4025 630 4106 cujusque
654 4022 761 4105 scripti
782 4021 898 4106 rejecit,
914 4020 952 4082 ad
973 4019 1057 4081 latus
1074 4022 1181 4081 textus
1197 4015 1309 4079 Graeci
1325 4039 1441 4080 novam

483 4125 629 4209 aliquam,
644 4131 681 4187 ut
696 4125 730 4187 in
745 4123 923 4208 Ignatianis
939 4121 1177 4196 Cotelcrianam,
1187 4119 1319 4183 subinde
1333 4142 1439 4183 emen·

484 4227 588 4290 datam
605 4226 758 4310 apposuit.

401 4362 493 4443 1746,
510 4360 650 4436 Lorcdiar',
665 4359 694 4421 8.
711 4359 786 4442 (vid.
804 4382 906 4441 supra,
921 4382 952 4441 p.
963 4358 1052 4440 lxix.)

526 4464 597 4525 ch.
610 4462 744 4539 Rvssm,
759 4463 799 4523 A.
810 4461 858 4523 Μ.
876 4468 1056 4524 contextum
1074 4459 1229 4523 Graecum
1244 4481 1282 4522 ex
1298 4457 1440 4521 omnium

483 4566 668 4629 Editionum
705 4564 868 4628 collatione
905 4565 1116 4639 emendatum,
1147 4585 1210 4625 una
1243 4585 1314 4625 cum
1344 4561 1440 4625 variis

482 4668 666 4732 lectionibus
688 4668 720 4729 in
741 4665 876 4728 sinistris
895 4665 1019 4748 paginis
1035 4664 1190 4740 exhibuit,
1207 4662 1256 4726 cui
1272 4663 1305 4725 in
1321 4662 1441 4726 dextris

483 4772 640 4853 Interprcs
656 4771 756 4832 Vetus
779 4768 961 4851 respondet:
987 4767 1132 4830 Cotelerii
1152 4766 1292 4830 versione
1315 4764 1440 4849 utrique

427 4998 610 5054 *Ann01710,
631 4995 775 5042 Whistonus
792 4995 876 5041 emisit
896 4993 1006 5040 libellum
1028 4992 1185 5055 peculiarem,
1205 4991 1245 5037 An
1266 4990 1340 5051 Esray
1354 5005 1385 5037 oa
1401 4989 1440 5037 tte

396 5077 497 5137 Epistlcs
507 5077 537 5139 of
545 5078 676 5139 Ipnatiae;
693 5078 733 5124 cui
750 5076 877 5140 respondit
888 5075 914 5122 J.
926 5075 1054 5132 Edwards,
1072 5075 1097 5122 S.
1106 5074 1134 5121 Τ.
1143 5074 1172 5120 P.
1189 5072 1214 5119 in
1231 5073 1294 5120 libro
1311 5071 1439 5134 inscripto,

394 5162 461 5206 Some
483 5160 549 5220 brief
570 5159 732 5208 orsa-satiens
754 5159 805 5205 aad
824 5157 960 5218 Rquectimrs
979 5174 1009 5204 on
1028 5157 1079 5204 Mr.
1096 5155 1222 5204 Wbirtoa'r
1244 5154 1292 5202 late
1313 5152 1436 5216 warina,

390 5242 482 5305 yblrcly
494 5243 589 5291 inritare
601 5242 730 5291 Primitivc
741 5239 905 5300 Clrristisnity
917 5239 1024 5286 rcviverl.
