3250 6617
469 1076 528 1140 DE
552 1077 585 1140 S.
609 1077 788 1141 IGNA'PII
811 1075 1050 1139 EPIsronls
1195 1095 1281 1134 xxxv

242 1248 275 1311 in
294 1248 442 1313 Editione
463 1249 582 1313 Graeca
602 1253 680 1312 tuno
701 1248 852 1333 temporis
867 1248 1008 1331 vulgata,
1023 1244 1227 1329 interpolatas
1249 1250 1282 1306 et

241 1359 402 1436 corruptas
416 1353 528 1417 fuisse:
552 1353 645 1437 idque
667 1375 738 1417 oum
760 1353 827 1416 loca
847 1351 1039 1416 aveteribus
1057 1348 1203 1412 Patribus
1225 1348 1280 1411 ad·

241 1454 346 1533 ducta,
368 1478 446 1540 quae
472 1455 506 1519 in
529 1478 565 1519 ea
586 1456 732 1521 Editione
758 1462 900 1520 autnon
923 1458 1116 1538 comparent,
1138 1464 1194 1516 aut
1217 1474 1281 1516 non

241 1565 324 1623 reete
350 1564 632 1643 repraesentantur,
660 1565 730 1622 tum
759 1560 822 1623 alia
850 1558 946 1623 etiam
975 1579 1038 1621 non
1067 1579 1177 1641 pauca,
1203 1576 1281 1639 quae

242 1685 341 1747 neque
368 1663 551 1746 antiquitati
573 1684 673 1748 neque
695 1662 868 1726 sententiae
891 1662 923 1724 S.
948 1660 1069 1745 Ignatii
1091 1663 1281 1742 congruunt,

242 1787 342 1848 neque
367 1766 468 1829 tenori
493 1766 708 1850 Epistolarum
737 1766 812 1830 satis
842 1764 1062 1829 convenienter
1090 1763 1280 1841 inseruntur,

242 1868 371 1950 planum
393 1869 523 1933 faciunt.

286 1969 418 2049 Quinto,
442 1970 604 2034 Industria
627 1970 760 2049 Vedelii‚
786 1994 881 2055 quam
911 1970 950 2033 ad
975 1969 1042 2033 loca
1071 1969 1104 2030 in
1130 1965 1281 2050 Epistolis

243 2074 377 2138 Eusebio
397 2074 575 2140 memoratis
596 2081 742 2158 corrupta
763 2081 795 2139 et
818 2074 1005 2157 interpolata
1023 2070 1201 2148 indicanda,
1216 2076 1249 2134 et
1263 2092 1283 2132 a

242 2177 388 2261 genuinis
412 2177 598 2241 secernenda
618 2178 773 2256 adhibuit,
795 2179 821 2241 si
843 2185 992 2242 conatum
1014 2182 1199 2260 spectemus,
1215 2174 1281 2236 lau·

243 2279 356 2358 danda,
368 2281 394 2344 si
406 2287 555 2344 eventum
570 2281 635 2345 sive
651 2304 838 2358 successum,
849 2280 938 2365 parvi
950 2279 1077 2364 quidem
1089 2277 1283 2341 aestimanda

243 2382 395 2446 videatur.
440 2384 540 2446 Tanta
555 2382 639 2446 enim
657 2382 823 2467 diligentia
842 2384 901 2446 hoo
920 2383 1049 2445 tandem
1063 2381 1207 2443 effectum
1224 2387 1282 2456 est,

243 2491 280 2549 ut
299 2508 338 2549 ex
358 2509 421 2549 una
439 2493 528 2570 parte
546 2485 664 2549 inserta
678 2492 711 2549 et
724 2487 913 2569 interpolata
927 2485 1071 2568 pleraque
1086 2483 1282 2569 praetermit-

242 2593 362 2666 tantur,
384 2613 420 2653 ae
442 2611 498 2673 pro
523 2588 669 2673 genuinis
692 2589 906 2666 retineantur5
929 2612 967 2651 ex
991 2588 1089 2652 altera
1108 2610 1191 2664 vero,
1211 2609 1281 2670 ger-

243 2712 337 2752 mana
357 2697 451 2774 atque
472 2688 610 2773 genuina
631 2690 821 2774 saepiuscule
841 2713 896 2774 pro
918 2688 1063 2753 ascititiis
1083 2692 1233 2751 notentur
1251 2691 1284 2750 et

242 2792 431 2875 rejiciantur.
477 2792 630 2857 Quamvis
649 2793 750 2878 igitur
769 2793 991 2878 quamplurimi
1012 2791 1146 2876 optimas
1162 2789 1282 2874 Ignatii

243 2894 401 2978 Epistolas
430 2902 590 2980 corruptas
620 2918 686 2960 esse
710 2897 898 2981 judicarent,
928 2897 1079 2960 hactenus
1108 2900 1216 2957 tamen
1244 2892 1286 2956 ad

243 2997 397 3081 genuinas
425 3021 445 3061 a
473 2998 656 3082 corruptelis
685 3006 769 3063 certo
798 2999 902 3084 aliquo
932 2999 1055 3064 criterio
1082 2997 1285 3063 vindicandas

243 3122 355 3182 parum
376 3106 432 3164 aut
454 3100 533 3163 nihil
556 3107 603 3164 est
626 3103 779 3165 effectum.
826 3102 873 3165 Ut
889 3124 998 3165 verum
1016 3100 1094 3164 illud
1111 3101 1154 3164 sit
1168 3101 1285 3184 quoda

245 3201 371 3267 Dallaeo
393 3204 585 3281 observatur,
609 3203 713 3266 “Nisi
736 3204 884 3268 sincerius
905 3204 1061 3288 exemplar
1084 3204 1229 3268 Usserius
1252 3210 1285 3268 ct

244 3306 412 3369 “Vossius
434 3306 519 3370 nacti
541 3314 655 3385 essent,
671 3307 759 3369 nulla
780 3306 872 3391 plane
895 3330 964 3390 spes
986 3312 1159 3391 superesset
1179 3307 1284 3370 Inter-

243 3417 266 3446 “
281 3408 429 3492 polatoris
448 3409 550 3473 aliena
569 3409 683 3473 averis
699 3409 866 3494 Scriptoris
881 3410 1111 3474 internoscendi
1133 3418 1166 3473 et
1186 3432 1284 3474 secer-

244 3519 265 3548 “
281 3511 410 3575 nendi.’'

289 3614 393 3679 Quare
423 3614 559 3679 lacobus
589 3615 745 3693 Usserius,
770 3616 1031 3701 Archiepiscopus
1056 3618 1284 3694 Armachanus,
1298 3634 1421 3684 Uenerios.

247 3717 417 3781 Hiberniae
433 3717 564 3795 Primas,
574 3717 634 3780 Vir
647 3718 744 3782 mirae
759 3718 792 3780 in
807 3718 856 3782 his
872 3718 962 3783 rebus
977 3720 1181 3804 perspicaciae
1197 3720 1283 3783 lidei·
1300 3698 1370 3762 ¹⁶⁴4

245 3843 315 3904 que,
338 3843 436 3905 quum
456 3820 577 3884 videret
598 3820 713 3885 talibus
733 3823 919 3906 conjecturis
938 3823 1018 3887 nihil
1036 3824 1126 3900 effici,
1144 3823 1285 3887 animad-

245 3930 439 4008 verteretque
462 3929 526 3986 tres
550 3923 583 3985 in
605 3923 725 4007 Anglia
749 3931 858 3989 nostra
880 3924 1055 4009 Theologos
1080 3925 1156 3989 olim
1183 3924 1287 3988 locum

245 4026 401 4110 quendam
415 4049 454 4090 ex
468 4025 612 4110 Epistola
626 4025 746 4110 Ignatii
762 4050 780 4090 a
794 4027 989 4091 Tlreodoreto
1004 4027 1164 4106 citatum0,
1181 4051 1238 4091 nec
1253 4028 1287 4091 in

278 4211 293 4240 ⁰
310 4203 341 4251 In
356 4203 466 4267 vulgatis
482 4204 573 4252 nostris
589 4202 728 4262 eodioibus,
743 4204 841 4252 Latinis
857 4205 951 4268 pariter
967 4210 993 4252 et
1009 4204 1118 4262 Graecia,
1132 4203 1287 4252 luculentum

246 4286 308 4334 illud
326 4286 499 4334 testimonium
517 4285 650 4335 desiderari
662 4287 749 4334 vident
765 4302 858 4346 omnes,
871 4302 901 4335 ex
917 4287 1010 4350 Ignatii
1025 4287 1139 4350 Epistola
1155 4286 1187 4336 ad
1204 4287 1287 4350 Smyr-

246 4384 327 4429 naeos,
340 4385 356 4416 a
366 4368 529 4429 Theodoreto‚
547 4368 574 4415 in
592 4377 622 4429 3⁰
637 4368 743 4432 Dialogo
760 4368 804 4432 qui
822 4368 925 4426 Ἀποθήο
942 4369 1092 4425 inscribitur,
1105 4369 1287 4434 depromptum.

246 4449 404 4513 Εὐχοριστὶος
421 4450 460 4498 aral
475 4449 612 4513 προσφορὰς
628 4451 671 4499 οὐκ
686 4448 853 4511 ἀποδέχονται,
866 4450 903 4499 διὰ
913 4451 942 4499 τὸ
957 4450 990 4510 μὴ
1001 4452 1127 4512 ὁμολογεῖν
1138 4451 1184 4508 τὴν
1195 4451 1287 4514 εὔχαρι-

246 4534 314 4579 oriar
332 4529 408 4592 σάρκα
424 4530 482 4580 εἶναι
498 4533 542 4580 τοῦ
557 4534 665 4594 Σωτῆρος
681 4531 747 4592 ἡμῶν
757 4534 838 4590 Ἰησοῦ
852 4535 963 4593 Χριστοῦ,
974 4532 1020 4590 τὴν
1035 4531 1092 4594 ὑπὲρ
1106 4536 1156 4580 τῶν
1170 4531 1287 4595 ἁμαρτιῶν

245 4612 310 4672 ἡμῶν
320 4615 448 4671 ποθοῦσαν,
460 4613 491 4670 ἣν
505 4613 655 4675 χρηστᾶοητι
671 4616 684 4663 ὁ
700 4614 783 4675 Πατὴρ
794 4615 895 4677 ἤγειρεν.
930 4615 1009 4678 Cujus
1024 4614 1164 4663 sententiae
1179 4615 1287 4679 priorem

245 4700 349 4758 partem
358 4711 374 4743 a
385 4695 518 4745 Guiliolmo
530 4696 680 4757 Widafordo,
694 4696 740 4745 sub
756 4713 850 4745 annum
863 4698 964 4746 Domini
978 4696 1040 4763 1396
1054 4697 1091 4746 ita
1101 4699 1204 4746 citatam
1220 4699 1287 4747 inve·

245 4778 295 4827 nio.
333 4783 349 4806 ⁸⁴
361 4778 522 4828 Considerate
540 4779 648 4844 qualiter
664 4780 895 4844 Anthropomorpbi
911 4796 928 4828 a
943 4780 1116 4828 communione
1132 4785 1159 4828 et
1174 4781 1287 4830 oratione

245 4863 260 4887 ‘¹
273 4859 422 4908 Sanctorum
439 4861 576 4920 reoedunt;
596 4861 781 4926 propterquod
797 4877 847 4909 non
864 4862 958 4910 habent
974 4861 1088 4910 confiteri
1104 4861 1286 4911 Eucharistiam

243 4948 258 4970 ¹¹
270 4957 370 4991 carnem
382 4958 435 4991 essa
446 4942 603 4991 Salvatoris.”
637 4943 812 4999 Posteriorem‚
825 4959 841 4991 a
852 4942 964 4992 Roborto
976 4943 1145 4992 Lincolniensi
1156 4945 1287 5009 Episcopo,

244 5023 311 5071 circa
325 5039 419 5071 annm
433 5038 502 5086 1250,
515 5026 564 5073 ita:
585 5029 602 5052 “
614 5025 660 5073 Est
678 5025 744 5073 enim
759 5025 924 5079 Eucharistia.
940 5025 1076 5074 secundum
1094 5026 1195 5074 beatum
1212 5028 1287 5090 lgna·

246 5109 261 5131 ‘⁴
274 5106 345 5162 tium,
358 5121 415 5154 caro
426 5105 562 5156 Salvatoria
574 5108 652 5156 nostri
662 5107 725 5156 Jesu
737 5107 830 5155 Christi
842 5123 887 5170 pro
900 5107 1007 5171 peccatis
1018 5108 1109 5156 nostris
1120 5124 1199 5172 passa,
1211 5124 1288 5171 quam

246 5190 263 5214 ‘⁶
275 5186 431 5251 benignitate
443 5188 520 5238 Pater
530 5188 712 5239 mauocitavit.”
739 5189 882 5254 Utramque
893 5206 960 5250 vero,
973 5206 989 5239 a
998 5190 1017 5239 ,J
1018 5190 1116 5238 ohanne
1127 5189 1287 5252 Tissingtono

763 5289 816 5335 Η
