3250 6617
411 1054 475 1117 104
776 1056 808 1119 S.
832 1055 1090 1121 CLEMENTIS

409 1222 635 1328 σπερμάτων,
660 1223 762 1305 ἅτινα
788 1224 997 1334 uqa-romeu]
1025 1232 1073 1313 εἷς
1097 1223 1163 1326 τὴν
1184 1230 1255 1330 γῆν
1277 1225 1373 1332 ξηρὰ
1396 1231 1454 1307 καὶ

409 1349 541 1452 γυμνά,
572 1350 790 1460 Matutam}
821 1349 879 1436 εἶτ’
901 1356 939 1435 εἰ(
970 1359 1034 1456 τῆς
1064 1353 1262 1440 διαλύσεως
1290 1355 1315 1456 ἦ
1340 1389 1451 1458 μεγα-

410 1476 574 1586 [baidus
611 1484 675 1579 τῆς
707 1483 887 1584 προνοίας,
913 1491 978 1563 τοῦ
1009 1482 1203 1564 Δεοτότον
1237 1483 1455 1589 [ἁνίο]τηοιν

409 1605 510 1700 αὐτά,
544 1608 602 1687 καὶ
628 1610 667 1687 ἐκ
693 1617 757 1688 τοῦ
783 1604 861 1694 ἑνὸς
883 1609 1061 1715 πλειῖονα]
1091 1605 1203 1712 αὔξει,
1235 1613 1294 1687 καὶ
1320 1609 1455 1717 ἐκφέρει

409 1733 556 1839 καρπόν.

332 1877 338 1889 .
367 1970 375 1980 ι
467 1860 558 1944 KE'.
591 1860 766 1970 [¹13⁰>JW
783 1861 827 1944 τὸ
852 1860 1060 1968 παράδοξον
1078 1870 1235 1963 σημεῖον,
1258 1862 1301 1945 τὸ
1329 1862 1453 1972 [rubui-

407 2024 514 2092 μενον
544 1993 582 2072 ἐν
608 1999 682 2078 τοῖς
714 1993 937 2078 ἄνατολικοῖς
975 1991 1134 2098 [aquom
1165 1991 1351 2074 τουτέστιν
1381 1999 1456 2080 τοῖς

245 2138 252 2151 ”
327 2176 335 2191 ·
407 2125 487 2226 περὶ
524 2119 590 2222 τὴν
621 2120 808 2227 Ἀραβίαν.
873 2119 1029 2226 Ὀρνεον
1059 2119 1131 2225 γάρ
1157 2122 1257 2202 ἐστιν
1285 2120 1307 2204 ὃ
1332 2155 1452 2226 προσ·

409 2246 613 2351 ονομᾶζεται
640 2246 781 2354 Φοίνιξ·
810 2256 916 2331 τοῦτο
941 2246 1130 2350 μονογενὲς
1147 2245 1370 2354 ιὀτᾶρχονῶ
1394 2249 1454 2348 ἔτη

452 2514 479 2553 2.
502 2498 597 2571 γυμνά]
620 2495 668 2556 Sic
696 2495 815 2556 Proeiua
833 2496 911 2574 apud
950 2494 1453 2574 magiaqnediaaentiantSu-iptoree

409 2574 611 2654 Epiphaniam,
637 2582 720 2653 γυιοὸ
746 2581 786 2637 καὶ
811 2580 911 2653 &apen
951 2576 1141 2637 Consentiunt
1161 2577 1220 2636 fere
1243 2597 1342 2636 omnes
1362 2577 1394 2636 in
1413 2597 1453 2649 re,

408 2662 534 2726 βάλλεται
554 2662 590 2719 eh·
608 2664 663 2735 γῆν,
678 2664 718 2716 καὶ
736 2660 910 2734 τελιοφοροῦ-
949 2658 1123 2719 dissentiunt
1142 2657 1179 2717 de
1198 2658 1292 2717 modo.
1335 2658 1376 2718 Et
1391 2659 1454 2737 qui·

407 2763 469 2812 pm
485 2741 639 2798 ἀποδίδοται
658 2736 732 2821 [lxiv
746 2759 793 2816 37,
815 2747 884 2800 tom.
899 2743 911 2801 i
950 2739 1016 2799 dem
1029 2760 1092 2799 moe
1111 2747 1155 2799 est
1169 2739 1303 2799 Patribna
1322 2740 1455 2818 exemplo

408 2839 437 2896 p.
457 2822 516 2893 560
538 2821 581 2880 eu
606 2819 715 2903 Petau]
761 2821 809 2882 Sic
833 2826 912 2900 Apo
952 2820 1100 2880 Phoenicis
1113 2821 1270 2900 partimad
1289 2841 1385 2881 morea
1401 2822 1454 2896 uti,

410 2901 501 2961 etolua
522 2902 560 2961 ad
580 2902 735 2961 Onnlxv
749 2922 796 2980 37,
817 2909 912 2978 γυμνὸν
950 2903 1057 2981 partim
1090 2903 1127 2961 ad
1160 2902 1305 2980 mysteria,
1337 2909 1454 2981 partum

408 2987 501 3042 κόκκον.
525 2982 685 3044 JUNIUS.
951 2985 1129 3063 virgineum,
1160 2992 1191 3043 et
1215 2984 1455 3044 resunoetionem

449 3063 485 3122 ib.
496 3067 520 3121 δι
538 3063 652 3147 αλὺιτιιι]
665 3066 713 3125 Ita
722 3066 911 3144 proculdubio
951 3066 1133 3125 Dominioam
1152 3085 1186 3124 ao
1206 3073 1342 3126 nostram.
1385 3066 1454 3125 'lha—

407 3152 484 3204 reete
574 3147 649 3205 land.
685 3148 909 3208 Schoenemaun.
950 3147 1030 3206 hitur
1042 3149 1078 3207 ab
1092 3147 1155 3206 aliia
1172 3147 1210 3206 ad
1225 3147 1452 3226 falaadogmata

408 3226 688 3307 HefehReithmayr.
701 3229 910 3306 etDreaseliua,
951 3228 1088 3288 COTEL
1125 3229 1170 3288 De
1183 3227 1324 3288 Phoenioa
1336 3229 1455 3289 videaia

407 3308 502 3368 Millio
538 3317 568 3369 et
601 3309 740 3371 Wottono
772 3312 909 3373 obsecuti
951 3310 1091 3370 Herodot
1119 3309 1140 3368 ii
1165 3323 1226 3386 733
1253 3310 1326 3370 Piin.
1350 3309 1391 3371 Η.
1414 3310 1452 3370 Ν.

407 3389 520 3449 Ceeteri
558 3390 715 3451 Juuianam
759 3394 912 3453 lectionem
950 3411 971 3450 x
987 3411 1002 3449 τ
1015 3412 1024 3465 ;
1045 3391 1134 3451 'l'aoit
1148 3390 1251 3450 hunul.
1265 3391 1295 3451 vi
1312 3394 1348 3449 28
1360 3411 1371 3466 ς
1391 3391 1454 3452 Μο-

407 3467 521 3552 δι[ιιλῦει
541 3474 646 3549 χρόνος]
671 3475 816 3549 exhibent,
839 3495 911 3553 quae
950 3472 1008 3531 lam
1035 3473 1067 3531 iii
1092 3477 1119 3546 8,
1142 3491 1178 3531 10
1188 3493 1198 3547 3
1233 3472 1367 3533 Philostr.
1393 3473 1453 3534 Vit

407 3561 484 3613 utare
514 3555 630 3614 omnino
660 3557 760 3634 nequit
771 3578 780 3630 ;
815 3557 911 3616 hiatus
951 3554 1045 3633 Apolh
1076 3554 1091 3629 §
1120 3574 1160 3629 33
1196 3554 1285 3613 Solin
1314 3554 1452 3632 Polybiou

407 3636 484 3693 enim
497 3634 574 3695 inter
584 3647 618 3693 ΔΙ
629 3644 659 3696 et
668 3649 730 3712 ΕΙΤ,
739 3660 796 3698 non
806 3639 911 3698 admit·
951 3636 966 3712 ᾗ
982 3638 1040 3710 36;
1059 3635 1144 3695 Dion.
1161 3635 1238 3695 Hine
1253 3635 1336 3695 Runa
1351 3635 1403 3695 lvii
1417 3637 1455 3696 ad

407 3717 445 3776 tit
455 3717 551 3795 plures
561 3738 647 3795 quam
658 3720 782 3798 quinque
792 3721 838 3780 vel
848 3740 911 3798 sep·
950 3717 1044 3776 finem.
1077 3716 1153 3776 Looa
1165 3717 1281 3776 classica
1293 3717 1401 3778 habent
1413 3717 1453 3777 0-

407 3806 467 3858 tem
479 3799 585 3858 literas.
620 3800 794 3879 Theophilus
807 3801 911 3862 Antio·
949 3799 1045 3858 vidius
1067 3818 1187 3876 quoque,
1206 3797 1323 3858 Metam
1336 3818 1378 3858 xv
1393 3818 1449 3876 391

407 3879 521 3952 ebenus,
550 3901 568 3939 a
592 3880 730 3942 Wottouo
759 3884 909 3955 indicatus,
950 3900 1012 3959 eq.;
1046 3879 1172 3939 Achillea
1198 3878 1299 3939 Tatius
1322 3881 1359 3940 de
1381 3879 1453 3940 Ineu-

407 3960 455 4019 lih.
471 3962 480 4018 i
496 3962 511 4038 §
527 3962 810 4042 18adAutoiyoum,
824 3985 854 4043 p.
871 3984 908 4041 34
950 3963 1032 4040 cippo
1053 3971 1084 4021 et
1104 3961 1296 4038 clitoph.iii;
1319 3969 1350 4022 et
1367 3960 1451 4022 mau-

407 4042 451 4104 ed.
465 4043 820 4122 Fell.hubet‚eiyhprtxoa
833 4049 911 4104 εἰπεῖν
950 4043 1024 4102 dian.
1053 4063 1138 4102 earm.
1162 4057 1209 4116 45,
1233 4042 1337 4121 quibua
1363 4042 1453 4103 fretun

407 4129 510 4183 κόκκους
529 4127 603 4183 σίτου
622 4127 637 4198 ἢ
655 4135 706 4184 τῶν
720 4133 817 4186 λοιπῶν
830 4152 910 4202 orep
950 4125 1112 4184 nominibus
1129 4123 1234 4183 Junius
1257 4144 1310 4202 pro
1331 4125 1453 4185 veritate

406 4210 499 4277 μάτων,
524 4209 586 4264 ε’πᾶν
608 4211 693 4281 βληθῇ
720 4212 755 4268 eie
780 4213 827 4282 τὴν
851 4213 908 4284 γῆν,
949 4207 1085 4266 historica
1096 4206 1182 4282 hujus
1194 4206 1255 4265 avis
1268 4206 1452 4284 disertepro-

408 4294 511 4362 nuptiator
525 4290 677 4360 ἀποθνῆσκον
697 4295 737 4348 καὶ
756 4291 851 4348 λύεται.
949 4288 1071 4348 nuntiat.
1114 4287 1209 4346 Feilus
1223 4307 1259 4346 ex
1272 4288 1450 4348 auctorittfi·

447 4368 486 4428 ib.
499 4370 515 4440 ἡ
528 4367 733 4510 peyassotrhe]
757 4373 813 4445 Ita,
827 4391 908 4450 prae·
949 4370 1003 4428 bus
1017 4369 1181 4428 Rahbinioie
1194 4370 1315 4445 probam
1333 4377 1453 4429 oonatur

408 4450 542 4509 euntibus
555 4451 596 4508 Μ’
620 4452 648 4511 ἱο
662 4460 691 4513 et
705 4452 852 4526 Wottono,
866 4473 911 4513 re·
951 4449 1111 4529 Scriptores
1131 4450 1233 4509 Sacros
1247 4450 1279 4508 in
1295 4450 1367 4509 looie
1387 4451 1451 4523 illie,

407 4530 697 4615 poeuiprotmtpq
707 4535 910 4615 ttmp]2eqnod
950 4531 1017 4591 Joh.
1029 4533 1101 4590 xxix
1113 4535 1157 4605 18,
1172 4530 1218 4590 Pa
1228 4531 1286 4590 xoii
1300 4550 1345 4604 ιτ,
1359 4531 1450 4591 Phoe·

408 4612 525 4673 dederat
551 4614 663 4674 Juuius.
707 4616 776 4676 cod.
806 4617 910 4677 MStus
950 4613 1044 4673 uicem
1055 4633 1138 4672 avem
1152 4613 1182 4671 in
1198 4614 1294 4671 animo
1311 4612 1449 4673 habuisse

407 4694 524 4755 exhibet
544 4706 635 4753 MEI'A
650 4743 656 4755 .
673 4743 680 4756 .
695 4742 701 4756 .
717 4708 770 4772 ΗΣ,
790 4705 822 4758 et
844 4719 907 4777 spa-
949 4694 1059 4754 Loeum
1082 4695 1158 4753 hune
1181 4693 1338 4767 Clementia
1361 4695 1452 4754 nostri

407 4775 482 4834 tium
508 4797 566 4836 non
593 4785 637 4837 eat
663 4779 789 4857 plurium
822 4801 909 4859 quam
948 4777 1050 4836 recitat
1078 4776 1202 4854 Oyriilua
1225 4775 1367 4835 Hieroaoh
1397 4777 1451 4836 Ca·

469 4984 475 4996 .
629 4967 672 4999 οιο
721 4967 773 5000 erue
1069 4987 1076 5014 ‚

406 5016 476 5076 Non
489 5019 581 5079 fertur
593 5022 649 5081 alia
663 5023 759 5082 fabula
778 5023 808 5082 in
828 5025 909 5103 eujus
947 5023 1077 5081 nonnihil
1092 5021 1235 5080 dissideat
1278 5019 1452 5081 Similiaha·

407 5101 586 5162 enarratione
606 5105 786 5166 consentiant
808 5105 907 5185 magia,
947 5104 1018 5165 beut
1029 5103 1221 5164 Tertullianus
1240 5103 1277 5162 da
1297 5102 1450 5162 Βοιοποο-

1466 1767 1482 1826 5
