3250 6617
585 1117 641 1179 ΕΤ
671 1116 1007 1183 FORMULARUM.
1324 1120 1364 1185 61

224 1284 412 1351 Εὐσυνείδητος.
465 1285 510 1337 οὐκ
534 1284 706 1352 εὐσυνείδητοί
731 1306 774 1353 μοι
856 1307 904 1338 ται.
922 1280 1033 1338 Philad.
1049 1283 1075 1338 6.
1107 1282 1253 1354 ήνεύχομαι
1266 1284 1365 1338 τελείαν

265 1362 326 1419 εἶναι
354 1365 494 1435 φαίνονται.
524 1363 586 1440 Ign.
617 1362 715 1439 Magn.
745 1383 771 1434 4.
855 1386 898 1434 μοι
912 1365 1020 1433 δαθήναι.
1034 1362 1149 1440 Smym.
1167 1382 1211 1420 11.
1246 1363 1276 1433 ήν
1289 1369 1364 1436 εὐχο-

264 1447 304 1500 &a
322 1447 495 1514 εὐσυνείδητός
514 1447 563 1516 εἶμι
583 1447 610 1500 ε’ν
623 1448 689 1514 ῦμὶν.
706 1443 772 1501 Ρ111-
855 1469 899 1514 μαι
913 1447 1041 1517 ε’δρᾶσθαι.
1060 1465 1067 1501 Ι
1075 1464 1101 1518 3.
1143 1445 1288 1518 Ἐρρῶσθαι
1301 1447 1365 1515 ὐμᾶς

263 1526 320 1582 lad.
338 1527 365 1582 6.
861 1532 1030 1599 ...εὔχομαι
1047 1526 1141 1603 Polyc.
1158 1530 1184 1584 8.
1220 1527 1364 1600 Ἐρρῦσθαι

225 1610 365 1665 Εὐτάκτως,
418 1614 472 1663 πῶς
494 1610 656 1665 εὐτάκτως..
672 1608 774 1663 ,ε’πιτε-
855 1610 918 1677 ὐμᾶς
932 1610 1064 1679 εὐχόμεθα.
1081 1608 1166 1666 Mart.
1183 1607 1277 1684 Polyc.
1295 1626 1341 1665 22.

265 1694 342 1744 λοῦσι
369 1692 401 1743 τὰ
423 1691 616 1757 διατασσόμενα.
645 1688 733 1746 016111.
759 1688 774 1745 I
816 1690 893 1758 Εὐχή.
927 1691 1013 1744 θυσίαι
1029 1692 1218 1762 ε’νδελεχισμοῦ,
1239 1691 1362 1761 ήεύχῶν.

267 1784 313 1843 37.
357 1772 489 1842 ἀμφότερα
508 1773 632 1828 εὐτάκτως
653 1772 681 1825 ε’κ
702 1771 775 1840 θελή-
857 1770 946 1827 016111.
967 1769 982 1825 Ι
1003 1789 1050 1840 41.
1093 1771 1142 1839 ῦλη
1168 1772 1255 1840 ήτῶν
1278 1771 1362 1826 άσπα-

266 1876 344 1921 ματος
354 1857 427 1906 θεοῦ.
445 1869 490 1920 42.
858 1858 927 1907 στῶν
949 1855 988 1907 καί
1009 1853 1061 1906 κατ’
1083 1852 1166 1923 εὐχήν.
1190 1851 1304 1928 Fragm.
1324 1851 1361 1909 iv.

227 1932 342 2001 Εὐταξία.
376 1936 444 2000 ὑμῶν
463 1934 507 2002 τήν
527 1934 554 1987 ίν
574 1937 630 2007 θεῷ
650 1935 773 2002 εὐταξίαν.
857 1933 980 2003 νήφοντες
1003 1936 1066 2004 πρδς
1089 1936 1134 1991 τὰς
1157 1936 1240 2005 εὐχάς.
1266 1932 1361 2009 Polyc.

267 2013 328 2089 Igu.
346 2013 419 2089 Eph.
436 2015 462 2068 6.
857 2013 928 2070 Phil.
946 2027 972 2086 7.
1016 2013 1242 2087 ε’πετῦγχανιντῶν
1255 2015 1307 2070 κατ’
1321 2018 1362 2070 εὐ-

226 2096 423 2168 Εὐφραίνεσθαι.
459 2097 611 2166 ηὐφραίνετο
625 2097 671 2163 μὲν
684 2095 725 2150 ε’πὶ
739 2099 775 2170 τῷ
854 2096 911 2168 χήν.
928 2095 1013 2152 Mart.
1028 2095 1090 2171 Igu.
1110 2113 1133 2151 1.
1170 2096 1223 2165 μετ’
1238 2098 1314 2168 εὐχῆς
1323 2100 1364 2152 καὶ

267 2181 311 2245 τής
334 2178 467 2244 ἐκκλησίας
494 2176 635 2251 άσαλεῦτιρ.
687 2175 772 2233 Mart.
855 2178 1035 2250 παραινέσεως.
1052 2197 1078 2246 4.
1119 2181 1161 2252 Τῷ
1174 2179 1202 2231 δὲ
1219 2177 1271 2231 κατ’
1286 2179 1364 2249 εὐχήν

267 2257 330 2333 Igu.
352 2276 374 2312 1.
856 2259 997 2322 ἀπέβαινεν.
1025 2274 1053 2330 5.
1109 2262 1291 2329 πληρώσαντας
1318 2262 1364 2330 τήν

227 2339 390 2410 Εὐφροσύνη.
433 2339 487 2406 μετ’
498 2339 659 2409 εὐφροσύνης
672 2339 772 2410 περιθί-
857 2340 939 2411 εὐχήν.
957 2339 1041 2397 Mart.
1060 2337 1154 2413 Polyc.
1175 2353 1218 2410 15.

266 2444 339 2489 μενος
352 2424 384 2474 τὰ
398 2422 486 2489 δεσμά.
504 2418 588 2476 Mart.
606 2419 668 2496 Igu.
687 2438 713 2474 2.
816 2426 974 2492 Εὐχρηστος.
1009 2423 1041 2476 τὰ
1055 2423 1082 2476 δε“
1095 2422 1223 2492 ίλάχιστα
1237 2421 1303 2490 με’λη
1318 2465 1361 2478 ...

227 2502 401 2574 Εὐχαριστεῑν.
449 2506 463 2556 ὀ
490 2501 518 2555 δὲ
543 2504 646 2572 πτωχὸς
673 2503 773 2572 εὐχαρι·
856 2503 978 2575 ἀναγκαῖα
988 2505 1028 2557 καὶ
1038 2507 1175 2574 εὔχρηστα.
1188 2501 1300 2559 0161111
1311 2514 1348 2574 37
1355 2548 1362 2560 .

268 2584 360 2637 στείτω
387 2587 422 2658 τῷ
459 2586 523 2657 θεῷ.
561 2581 649 2639 016111.
680 2581 696 2638 Ι
726 2585 772 2654 38.
817 2583 923 2640 Εὐωδία.
956 2585 1058 2641 εὐωδίας
1079 2583 1204 2653 τοσαῦτης
1223 2584 1363 2649 άντελαβό·

266 2666 405 2734 ὀφείλομεν
425 2666 488 2718 κατὰ
510 2666 591 2719 πάντα
614 2666 775 2736 εὐχαριστεῖν
856 2666 926 2734 μεθα.
944 2664 1029 2721 Mart.
1047 2664 1141 2739 Polye.
1158 2679 1204 2736 15.

267 2749 342 2820 αὐτῷ.
358 2744 395 2801 111.
434 2746 619 2802 Ἕκαστος...
636 2747 706 2820 ἐντῷ
721 2747 775 2820 ἰδίῳ
817 2744 962 2817 Ἐφάπτειν.
992 2746 1066 2814 μήπω
1086 2749 1131 2814 τής
1151 2748 1228 2804 ὄντας
1246 2749 1282 2804 είς
1300 2755 1362 2819 Χρι·

268 2831 376 2899 τάγματι
398 2828 584 2898 εὐχαριστείτω.
613 2845 661 2897 41.
718 2827 776 2881 ὅθεν
857 2829 919 2882 στὸν
942 2828 1040 2896 ἀγάπης
1070 2829 1245 2900 ἐφαψάμενος.
1276 2827 1362 2886 Mart.

269 2911 308 2963 καί
334 2911 428 2980 γράφω
458 2910 524 2976 ὑμῖν,
553 2911 713 2980 εὐχαριστῶν
739 2913 775 2982 τῷ
856 2907 918 2983 Igu.
940 2926 963 2964 1.

269 2988 525 3064 Kv914.1gn.Eph.
544 3007 588 3044 21.
622 2992 775 3061 Εὐχαριστῶ
815 2990 974 3061 Ἐφιστάναι.
1030 2990 1234 3046 Ἐπισταθέντων
1259 2991 1286 3044 δι’
1314 2997 1366 3046 τῶν

269 3074 297 3127 δὲ
310 3077 346 3146 τῷ
360 3077 416 3146 θεῷ
434 3094 490 3141 μου.
511 3070 618 3127 Philad.
639 3071 664 3126 6.
706 3071 775 3142 κάγὼ
855 3073 923 3143 παρά
944 3077 989 3126 τοῦ
1008 3073 1147 3137 βασιλέως.
1169 3070 1258 3128 (116111.
1278 3071 1293 3127 I
1316 3089 1360 3127 12.

268 3158 304 3228 τῷ
319 3157 376 3227 θεῷ
394 3156 539 3224 εὐχαριστῶ
556 3154 620 3225 ίπτὲρ
633 3154 708 3220 ὑμῶν.
727 3169 772 3208 11.
856 3156 880 3207 οί
901 3154 947 3222 μὲν
968 3154 1090 3224 ἐξαίφνης
1109 3154 1252 3209 ε’πιστάντα.
1277 3152 1363 3210 Mart.

269 3239 293 3289 οί
324 3236 364 3288 καὶ
400 3236 596 3306 εὐχαριστοῦσιν
627 3238 663 3308 τῷ
690 3236 775 3308 Κυρίῳ
857 3232 920 3308 Igu.
941 3247 970 3306 7.
1012 3235 1158 3302 ἐπίστησον
1184 3236 1208 3288 οὐ
1235 3237 1365 3303 ζητοῦντες

269 3317 333 3386 ὐπέρ
348 3317 421 3384 ὐμῶν.
444 3313 557 3388 Smyrn.
577 3332 622 3369 10.
665 3316 774 3387 Εὐχαρι-
856 3317 939 3370 αὐτόν.
955 3315 1041 3371 Mart.
1058 3314 1153 3389 Polyc.
1170 3315 1195 3370 6.

270 3403 324 3451 στῶ
335 3419 387 3464 σοι,
402 3395 528 3451 Δέσποτα.
545 3394 630 3451 Mart.
648 3395 710 3470 Ign.
729 3414 753 3451 2.
816 3396 944 3468 Ἐφόδιος.
980 3401 1033 3453 τοῖς
1047 3397 1160 3467 ε’φοδίαις
1173 3401 1219 3451 τοῦ
1236 3401 1303 3451 θεοῦ
1316 3397 1364 3469 άμ-

228 3479 394 3549 Εὐχαριστία.
437 3477 607 3549 συνέρχεσθαι
625 3478 660 3533 είς
674 3478 774 3549 εὐχαρι-
858 3477 978 3545 κοῦμενοι.
996 3475 1085 3534 016111.
1102 3476 1117 3532 Ι
1136 3495 1160 3533 2.

271 3560 345 3613 στίαν
363 3563 436 3612 θεοῦ.
455 3557 516 3632 Igu.
538 3556 611 3632 Eph.
639 3575 681 3628 13.
732 3563 776 3628 μιᾷ
811 3558 907 3629 Ἐχειν.
960 3561 1043 3623 Δαβὶδ
1057 3560 1154 3630 φθόνον
1169 3560 1254 3629 ἴσχεν.
1274 3556 1363 3615 016111.

271 3641 419 3711 εὐχαριστίᾳ
426 3641 544 3711 χρῆσθαι.
556 3637 664 3695 Ρ111111(1,
677 3660 705 3708 4.
728 3641 776 3693 Εὐ·

269 3723 405 3792 χαριστίας
419 3725 459 3775 καὶ
471 3724 618 3792 προσευχῆς
630 3721 774 3790 ἇπίχονται.

271 3802 384 3878 Smym.
402 3803 430 3857 6.
460 3804 505 3870 τήν
518 3803 682 3874 εὐχαριστίαν
695 3804 778 3872 σάρκα

270 3880 331 3939 εἶναι
345 3889 391 3938 τοῦ
405 3887 519 3954 Σωτῆρος
532 3884 606 3952 ήμῶν.
622 3881 659 3940 ib.
682 3883 777 3953 Ἐκείνη

270 3967 364 4030 βεβαία
379 3967 526 4037 εὐχαριστία
539 3966 659 4036 ήγείσθω.
675 3967 701 4021 8.

230 4050 398 4118 Εὐχάριστος.
446 4049 599 4119 γραμμάτων
619 4049 779 4119 εὐχαριστῶν

270 4128 470 4199 ἐκπεμφθέντων.
487 4127 572 4185 Mart.
590 4127 651 4204 Igu.
670 4149 696 4198 4.

229 4210 349 4282 Εὐχερής.
372 4210 429 4277 ῦμῖν
441 4215 492 4282 γὰρ
506 4211 608 4280 εὐχερές
621 4211 692 4265 ε’στιν
705 4208 719 4263 δ
734 4209 776 4264 θί-

267 4296 324 4345 λετε
343 4294 454 4359 ποιήσαι.
472 4289 534 4367 Igu.
551 4290 633 4347 Rom.
654 4310 676 4347 1.

227 4374 366 4444 Εὐχεσθαι.
411 4374 551 4444 Εὐχῶμεθα
575 4372 619 4427 οὐν
633 4372 729 4430 ...ἵνα
751 4373 779 4426 ε’ν

266 4457 350 4526 ἀγάπη
378 4456 465 4523 ζῶμεν.
490 4452 579 4511 Clem.
607 4452 622 4509 1
653 4469 698 4524 50.
749 4453 778 4508 ὃν

266 4543 372 4607 εὔχομαι
385 4539 448 4589 κατὰ
467 4536 568 4604 Ἰησοῦν
589 4538 701 4604 Χριστὸν
713 4537 777 4606 ὑμᾶς

265 4619 372 4690 άγαπᾶν.
403 4616 465 4691 Ign.
496 4615 568 4691 Eph
600 4635 623 4672 1.
671 4621 777 4687 εὔχομαι

264 4703 413 4769 παραμεῖναι
434 4701 515 4754 αὐτόν.
540 4716 565 4753 2.
610 4703 776 4769 εὔχομαι

265 4785 377 4836 πλεῖστα
397 4783 502 4852 χαίρειν.
525 4778 621 4854 Magn.
643 4777 774 4836 61Τ11111.

267 4861 355 4917 Inscr.
428 4863 455 4915 ἐν
477 4858 516 4918 αἷς
543 4863 634 4916 ἕνωσιν
661 4866 774 4932 εὔχομαι.

268 4943 364 5018 Magn.
394 4960 418 4996 1.
460 4946 485 4997 τί
498 4946 525 4997 δὲ
540 4948 647 5014 εὔχομαι
658 4942 776 5015 θηριομα-

268 5030 346 5097 χήσαι
358 5044 366 5094 3
388 5022 473 5080 Trall.
495 5043 537 5080 10.
586 5029 701 5094 Εὐχομαι
715 5025 779 5092 ὐμᾶς

269 5109 296 5161 ε’ν
309 5108 394 5178 ἀγάπη
408 5108 515 5161 ἀκοῦσαί
532 5130 587 5176 μου.
610 5123 654 5160 12.
702 5104 779 5161 Ἐπει

270 5190 404 5257 εὐξάμενος
420 5193 484 5262 θεῷ.
502 5187 583 5243 Rom.
604 5205 627 5242 1.
671 5192 778 5258 εὔχομαι

270 5271 355 5336 ἕτοιμά
375 5292 419 5337 μοι
439 5271 575 5340 εὐρεθήναι.
599 5280 626 5339 5.
673 5273 779 5341 εὔχομαι

271 5351 308 5405 ἶνα
326 5354 360 5421 μή
380 5354 413 5408 εἰς
432 5351 568 5424 μαρτύριον
586 5353 647 5407 αὐτὸ
666 5351 778 5421 κτήσων-

859 3638 875 3694 Ι
904 3660 932 3709 4.
985 3644 1031 3694 τοῦ
1061 3644 1144 3697 καλῶς
1174 3642 1283 3711 ἔχοντος.
1318 3658 1364 3710 14.

854 3717 976 3792 ’Ἔχοντες
999 3719 1044 3774 οὐν
1061 3727 1152 3775 τοῦτον
1170 3724 1214 3775 τὸν
1234 3723 1364 3794 ὑπογραμ-

858 3806 912 3871 μόν.
930 3820 976 3874 33.
1019 3807 1102 3856 Ταῦτα
1120 3801 1165 3856 οῦν
1177 3805 1259 3858 πάντα
1276 3804 1306 3871 ίξ
1320 3804 1364 3858 αὐ-

858 3888 904 3938 τοῦ
918 3886 1026 3954 ἔχοντες.
1043 3884 1090 3956 38.
1123 3884 1366 3956 θάναταντδπρθσ-

858 3988 931 4033 τιμον
943 3968 1055 4035 ἔχουσιν.
1073 3984 1119 4035 41.
1169 3966 1238 4019 άλλίι
1251 3973 1292 4020 καὶ
1305 3988 1365 4038 καρ·

858 4051 907 4102 πὸν
933 4049 1037 4118 ἔχουσα.
1064 4065 1112 4119 43.
1162 4048 1261 4102 τελείαν
1287 4049 1367 4119 ἶσχον

858 4130 903 4198 τήν
916 4129 1045 4184 ἀνάλυσιν.
1058 4149 1103 4199 44.
1146 4128 1233 4200 ήούχὶ
1246 4129 1289 4182 ἕνα
1303 4131 1368 4183 θεὸν

859 4212 970 4282 ἕχομεν;
994 4210 1043 4280 46.
1084 4210 1115 4262 ‘0
1136 4211 1203 4281 ἔχων
1222 4210 1367 4282 α’γάπηνίν

859 4297 971 4366 Χριστῷ.
997 4310 1043 4364 49.
1089 4292 1173 4364 άγάπη
1198 4290 1301 4362 σχίσμα
1322 4293 1367 4346 οὐκ

858 4376 921 4445 ἔχει.
937 4372 977 4428 ib.
1020 4375 1061 4427 διά
1077 4373 1122 4442 τήν
1135 4373 1234 4445 άγάπην
1247 4372 1276 4441 ήν
1289 4373 1368 4444 ἴσχεν

858 4458 922 4526 πρὸς
935 4455 1007 4523 ήμᾶς.
1023 4452 1061 4510 ib.
1103 4456 1208 4525 ε’χουσιν
1224 4459 1309 4524 χῶρον
1325 4453 1366 4508 εὐ-

859 4541 952 4601 σεβῶν.
970 4549 1016 4607 50.
1059 4536 1180 4604 μηδεμίαν
1190 4535 1283 4589 ίλπίδα
1293 4535 1366 4605 ἔχον-

857 4641 902 4675 τας
919 4615 1050 4688 σωτηρίας.
1073 4615 1105 4671 ΙΙ
1132 4635 1153 4672 1.
1194 4621 1246 4670 τῶν
1264 4614 1368 4670 δοκοῦν.

858 4721 909 4753 των
931 4701 999 4769 ἔχειν
1023 4702 1096 4752 θεόν.
1120 4715 1143 4752 2.
1180 4698 1243 4769 ἴργα
1266 4698 1368 4768 ἔχοντες

859 4781 928 4836 ὅσια.
946 4781 972 4835 6.
1014 4779 1062 4836 ἕως
1079 4781 1171 4850 ἔχομεν
1191 4781 1277 4850 καιρὸν
1293 4800 1368 4846 μετα-

859 4864 936 4920 νοίας,
953 4865 978 4917 8.
1008 4861 1053 4918 Ὠς
1069 4863 1161 4932 ἔχομεν
1175 4862 1260 4931 καιρὸν
1271 4863 1317 4914 τοῦ
1330 4860 1368 4914 la·

861 4945 938 5012 θῆναι,
951 4963 976 5015 ι).
993 4943 1139 5014 ήλίκηνέχει
1148 4943 1302 5002 βάσανον...
1315 4938 1369 4996 αἶαν

861 5026 1034 5096 τρυφήνίχει.
1056 5041 1101 5080 10.
1154 5023 1249 5091 δισσήν
1265 5022 1370 5090 ἕξουσιν

862 5107 907 5176 τήν
921 5105 1010 5177 κρίσιν.
1028 5103 1063 5161 111.
1100 5105 1204 5176 θλίψεις
1218 5106 1303 5175 ἴσχεν.
1323 5121 1368 5159 11.

859 5190 905 5256 τήν
917 5188 1034 5257 ἀλήθειαν
1044 5188 1088 5241 οὐκ
1096 5186 1170 5257 ίχειν.
1183 5183 1368 5262 1111151111111.

860 5270 963 5326 ἀκακίαν
975 5270 1035 5341 ίχιι.
1053 5265 1089 5327 ib.
1130 5270 1257 5340 φρόνησιν
1269 5269 1367 5338 ἴχομεν.

863 5349 900 5408 ix.
943 5352 1058 5420 τοιαύτην
1068 5347 1202 5420 συνήθειαν
1211 5350 1293 5421 ἴσχον
1306 5349 1369 5420 πρὸς
