3250 6617
391 1062 444 1124 xvi
645 1062 703 1125 DE
728 1063 760 1124 S.
785 1063 1043 1126 CLEMENTIS
1069 1064 1177 1126 ROM.

391 1232 484 1291 lelius.
528 1233 565 1289 ln
579 1234 745 1309 quaestione
762 1234 797 1291 de
812 1233 1075 1292 constitutionibus
1089 1233 1265 1310 apostolicis
1284 1235 1442 1312 separatim

391 1351 424 1389 ac
441 1331 596 1409 diligenter
613 1331 833 1390 elaboraverunt
848 1331 1007 1401 Krelibeus,
1028 1331 1116 1389 Ueber
1129 1331 1185 1389 den
1206 1331 1360 1407 Ursprursy
1373 1333 1444 1389 und

393 1430 494 1488 lasau
514 1431 565 1488 der
579 1429 704 1506 Apostol.
723 1430 961 1489 Cmcstitutiouen.
993 1429 1153 1505 Hambnrg.
1173 1433 1259 1504 1829,
1276 1437 1305 1487 ct
1319 1429 1346 1487 J.
1363 1430 1393 1487 S.
1410 1451 1438 1487 v.

391 1527 477 1604 Drey.
490 1529 572 1586 Neue
592 1527 776 1586 Uatarsecclels.
792 1529 876 1586 ruder
888 1529 934 1586 die
950 1527 1181 1587 Corietitutiorsera
1194 1548 1222 1584 υ.
1235 1529 1373 1585 Ir'arwnee
1387 1529 1441 1586 der

390 1626 508 1702 Apostel.
531 1625 757 1703 Tiibing.1832.
800 1626 924 1684 Textum
948 1625 1100 1702 Copticmn
1124 1625 1254 1702 vulgavit
1278 1625 1438 1695 Tattamus,

391 1724 481 1782 Lond
495 1726 580 1799 1849.
624 1729 640 1756 “
652 1724 869 1794 Consentiunt,''
884 1723 979 1800 inquit
993 1723 1100 1796 Bullus,
1113 1723 1283 1782 “reformati
1297 1723 1437 1801 Theologi

391 1833 407 1856 “
421 1842 528 1893 omnes,
544 1843 636 1899 neque
657 1824 813 1882 reclamant
834 1823 919 1881 hodie
938 1843 973 1879 ex
993 1822 1150 1880 Pontificiis
1165 1822 1265 1880 Critici
1285 1822 1436 1894 doctiores,

391 1930 408 1954 ¹⁴
422 1921 526 1979 clamet
539 1940 607 1978 vero
627 1940 674 1978 res
693 1920 763 1995 ipse,
779 1920 1007 1980 Constitutioncs
1021 1919 1084 1977 illes
1098 1920 1254 1978 Clementis
1275 1940 1332 1977 non
1349 1921 1437 1978 esse.''

390 2019 454 2078 Det
470 2019 531 2077 Fid.
549 2018 613 2077 Nic.
630 2018 663 2076 Π
677 2019 708 2077 ἰίἰ
724 2021 749 2076 6.

430 2116 614 2182 Wetstenius,
631 2116 668 2174 ad
687 2117 794 2174 calcem
813 2116 947 2175 editionis
962 2117 998 2174 N.
1015 2116 1046 2173 Τ.
1067 2132 1152 2189 1752,
1168 2116 1311 2193 Epistulas
1330 2117 1401 2175 dues
1420 2138 1437 2176 e

390 2214 496 2274 Codice
511 2215 549 2272 N.
566 2214 597 2272 T.
616 2214 725 2291 Syriaci
747 2222 811 2272 tum
831 2215 957 2293 primum
978 2223 1082 2287 erutas,
1099 2214 1197 2280 edidit,
1213 2235 1285 2291 quae
1304 2222 1384 2274 totae
1405 2215 1436 2273 in

390 2311 566 2390 Virginitate
586 2312 754 2371 celebranda
767 2319 925 2371 versantur.
968 2311 1157 2390 Argumentis
1174 2312 1278 2390 quibus
1292 2313 1435 2372 Clementi

390 2410 520 2469 Romano
541 2430 588 2469 eas
606 2410 762 2469 vindicavit
784 2431 952 2487 responsum
973 2418 1017 2469 est
1036 2431 1054 2468 a
1074 2411 1220 2469 Lardnero
1242 2411 1272 2468 in
1293 2410 1438 2470 Disserta-

388 2507 468 2566 tione
491 2509 628 2588 peculiari
653 2509 777 2567 Londini
801 2529 877 2567 enno
901 2507 1032 2585 proxime
1059 2508 1188 2583 sequenti
1213 2509 1323 2581 emisse,
1348 2528 1436 2585 quam

388 2605 474 2664 hodie
489 2606 631 2684 Operibus
645 2607 706 2684 ejus
723 2607 882 2684 subjectam
896 2607 993 2683 legas,
1014 2624 1124 2663 necnon
1138 2605 1174 2662 ab
1189 2605 1289 2663 Herm.
1307 2605 1437 2664 Venema

389 2704 439 2781 qui
460 2712 519 2763 tres
539 2704 674 2781 epistolas
692 2704 889 2781 Wesselingio,
912 2706 1140 2771 Hemsterhusio,
1163 2707 1370 2785 Cannegietero
1391 2708 1436 2766 in·

388 2802 510 2880 scriptas
524 2823 599 2861 anno
618 2817 693 2877 1754
707 2803 845 2881 vulgavit.
890 2804 997 2863 Contra
1012 2805 1190 2864 Lurdnerum
1206 2806 1341 2865 dissensit
1354 2807 1436 2866 Wet-

387 2900 496 2959 stenius
510 2900 540 2958 in
554 2901 662 2974 Diario,
676 2901 873 2977 Bibliothecae
886 2904 1056 2969 Raieorauee,
1070 2911 1139 2963 tom.
1157 2919 1195 2978 50
1215 2904 1290 2963 Part.
1306 2904 1326 2962 ii
1343 2913 1397 2964 art.
1414 2910 1433 2964 8

388 3018 415 3076 p.
433 3001 500 3073 363,
515 3019 661 3076 quumque
677 3000 782 3058 deinde
795 3000 933 3077 epistolae
947 3001 1137 3060 Venemianae
1151 3002 1260 3079 primae
1273 3004 1434 3080 responsio-

389 3116 455 3155 nem
472 3117 557 3174 aegre
572 3098 796 3175 conscripsisset,
813 3099 913 3156 morbo
927 3099 1025 3157 lethali
1039 3109 1083 3159 est
1097 3109 1251 3177 correptus.
1295 3101 1435 3160 Consules

387 3194 414 3253 J.
432 3195 466 3253 G.
483 3195 728 3274 Frendenbergeri
743 3196 905 3256 Commeat.
922 3217 995 3274 qnae
1010 3197 1170 3257 Historiam
1186 3199 1353 3258 recentioris
1366 3219 1435 3258 con-

387 3294 543 3352 troversiae
564 3296 600 3352 de
619 3294 707 3353 Clem
727 3295 810 3352 Rom.
828 3294 966 3371 Epistolis
987 3296 1110 3355 exhibet.
1130 3312 1215 3372 1755,
1231 3321 1257 3369 4.
1274 3298 1351 3374 Lips.
1395 3297 1434 3356 In

389 3390 490 3449 Museo
507 3391 674 3450 Britannico
693 3393 862 3451 adservatur
876 3393 912 3451 N.
929 3393 959 3452 Τ.
977 3394 1164 3453 Wetsteniani
1184 3396 1338 3473 exemplar,
1352 3396 1435 3474 cujus

387 3490 424 3547 ed
443 3511 524 3548 oram
538 3491 642 3549 Caesar
663 3491 698 3549 de
718 3491 808 3566 Missy
824 3492 915 3550 multa
935 3500 1018 3551 acute
1039 3502 1196 3570 arguteque
1217 3493 1376 3570 disputavit
1396 3495 1434 3553 de

388 3587 489 3646 harum
503 3588 700 3666 Epistolarum
713 3597 797 3647 textu
812 3597 842 3648 et
856 3589 1103 3667 interpretatione,
1118 3591 1196 3649 etde
1211 3591 1280 3650 locis
1295 3592 1322 3649 S.
1336 3593 1433 3670 Scrip

387 3693 478 3758 turae,
497 3706 620 3763 quorum
638 3686 715 3745 haud
734 3707 825 3764 pauca
842 3687 1034 3748 Wetstenium
1053 3689 1192 3767 lugerent.
1237 3690 1434 3768 Epistolarum

387 3790 538 3860 mandram
557 3786 753 3844 demonstrare
773 3795 893 3846 conatus
914 3795 958 3847 est
979 3788 1155 3862 Gallandius,
1174 3789 1331 3867 Prolegom
1348 3810 1376 3866 p.
1394 3810 1433 3848 20

387 3901 449 3960 sq.;
470 3890 584 3943 textum
603 3893 633 3943 ct
646 3885 807 3944 versionem
821 3885 974 3945 Wetstenii
993 3905 1011 3942 a
1030 3885 1156 3945 Finettio
1177 3886 1330 3964 castigatas
1350 3887 1432 3946 exhi·

387 3981 451 4040 buit
470 3981 542 4041 Bibl.
559 3982 637 4042 Vett.
656 3986 715 4041 Pet.
733 3983 788 4060 Ip.
802 3985 901 4042 i-xxv.
944 3983 1114 4043 Versionem
1135 3984 1334 4043 Germanicam
1355 3986 1434 4046 notis

387 4077 559 4138 illustratam
573 4081 720 4158 evulgavit
735 4081 765 4139 P.
783 4083 812 4139 P.
827 4082 968 4160 Zingerle,
983 4081 1105 4140 Vindob.
1122 4086 1206 4155 1827.

429 4176 611 4249 Boratierius,
625 4178 662 4235 de
677 4177 859 4237 Successione
873 4179 1138 4257 antiquissimorum
1153 4179 1367 4257 Episcopum,
1381 4199 1429 4256 pp.

388 4275 517 4348 76-78,
531 4276 653 4351 conjecit
667 4275 846 4336 Clementem
856 4277 1019 4336 Romanum
1029 4276 1190 4354 Epistolem
1203 4277 1240 4335 ad
1253 4277 1431 4354 Diognetum

387 4372 540 4449 scripsisse.
583 4374 627 4432 De
645 4373 766 4432 Actibus
782 4375 990 4453 Apostolorum
1009 4375 1078 4434 haec
1096 4374 1182 4434 habet
1202 4375 1431 4452 Chrysostomus,

388 4471 497 4529 Homil.
512 4471 542 4529 in
556 4470 762 4530 Ascensionem
777 4473 816 4531 D.
829 4473 867 4532 N.
883 4475 952 4533 Jesu
967 4474 1083 4541 Christi,
1095 4474 1169 4551 Opp.
1182 4472 1213 4531 iii
1226 4475 1284 4547 764
1299 4474 1343 4532 ed.
1359 4473 1429 4532 Bam

387 4575 513 4642 Ζητοῦμιν
533 4570 577 4627 οὖν
596 4572 635 4628 τίς
656 4575 671 4626 ὅ
693 4573 820 4642 συντάξας
840 4574 933 4644 ταύτην
949 4576 995 4645 τὴν
1011 4575 1108 4640 βίβλον
1125 4580 1176 4629 τῶν
1189 4575 1315 4648 πράξεων·
1336 4573 1432 4628 πολλοὶ

386 4671 436 4743 γὰρ
454 4671 490 4727 cle
509 4672 609 4727 πολλὰς
630 4673 669 4726 καὶ
690 4672 830 4744 διαφόρους
850 4673 1021 4744 ἐμερίσθησαν
1041 4673 1144 4736 ἐννοίας,
1160 4675 1184 4726 oi
1203 4672 1250 4742 μὲν
1262 4672 1374 4727 εἰπόντες
1390 4669 1431 4725 ὅτι

387 4767 490 4838 Κλήμης
506 4768 654 4838 d‘l'upcior
670 4770 807 4839 συνέταξεν
820 4772 906 4836 αὐτὸς,
921 4772 997 4825 ἄλλοι
1017 4771 1044 4825 di
1062 4770 1185 4843 λέγουσιν
1198 4771 1337 4841 Βαρνάβας,
1352 4767 1432 4823 ἄλλοι

386 4866 415 4920 δι’
435 4865 474 4920 ὅτι
493 4868 591 4922 Λουκᾶς
610 4869 625 4921 ὀ
646 4867 838 4940 εὐαγγελιστής.
881 4867 986 4925 Celeus
1007 4866 1084 4924 inter
1102 4865 1258 4924 Clementis
1275 4865 1308 4922 R.
1324 4864 1432 4941 scripte

386 4961 486 5020 retulit
506 4961 633 5020 Hennae
656 4963 810 5021 Pastorem.
854 4963 922 5021 Vid.
945 4963 1056 5021 Fabric.
1080 4963 1149 5021 Cod.
1173 4963 1278 5040 Apocr.
1302 4963 1340 5020 N.
1355 4962 1386 5020 T.
1410 4962 1431 5018 ii

408 5062 425 5118 6
449 5106 454 5118 .

387 5079 405 5134 9
427 5081 449 5199 'lt
471 5155 559 5238 Obiit]
586 5158 718 5235 Plerique
743 5159 820 5218 inter
844 5159 987 5236 Martyres
1011 5157 1190 5218 Clementem
1214 5158 1350 5225 referunt
1370 5165 1429 5217 tra·
