3250 6617
407 1033 469 1100 186
769 1033 801 1096 S.
820 1030 1075 1096 CLEMENTIS

405 1206 487 1311 δίχα
503 1204 755 1307 προσκλίσεως
773 1203 1032 1308 &comprimet
1049 1201 1199 1301 ἄμωμοι.
1261 1204 1310 1280 Αἱ
1332 1204 1446 1303 γενεαὶ

404 1339 520 1412 πᾶσαι
553 1330 637 1436 [ἀπὸ
665 1329 796 1436 Ἀδὰμ]
829 1330 894 1416 ἕως
925 1334 1035 1430 τῆσδε
1061 1328 1190 1433 ἡμέρας
1216 1332 1444 1435 reprimor}

405 1460 489 1539 ἀλλ’
509 1463 541 1537 οἱ
568 1461 605 1536 ἐν
625 1457 748 1565 ἀγάπῃ
775 1458 1052 1565 τελειωθεῦ[τες],
1073 1456 1164 1538 κατὰ
1187 1455 1253 1557 τὴν
1270 1466 1337 1538 τοῦ
1354 1462 1447 1537 Θεοῦ

403 1585 518 1692 χάριν,
550 1587 720 1692 ἕχου[σιν]
757 1593 877 1693 χῶρον
907 1588 1077 1682 εὐσεβῶν·
1118 1584 1151 1665 ei
1187 1588 1448 1694 φαυερ[οῦν]τω

404 1717 503 1820 ἐντῇ
528 1715 705 1820 ἐπισκοπῇ
731 1718 793 1812 τῆς
820 1715 1034 1820 βασιλ[είας]
1064 1722 1128 1794 τοῦ
1150 1719 1325 1818 Χριστοῦ.
1384 1711 1473 1805 Γε’-5

405 1995 478 2053 quse
489 1975 722 2035 Scheenemanno
734 1978 903 2053 praeplacet,
986 1997 1012 2048 4.
1027 1984 1113 2050 χῶρον
1125 1972 1261 2057 εὐσεβῶν]
1281 1975 1330 2035 ita
1344 1995 1362 2033 a
1375 1974 1443 2035 cod

406 2058 500 2115 nullus
509 2078 607 2116 revera
618 2064 661 2116 est
671 2058 769 2131 lecus3
784 2079 820 2116 ne
828 2057 905 2116 enim
946 2057 1031 2116 MSto
1045 2057 1197 2116 exhibetur
1207 2077 1216 2129 ;
1236 2065 1268 2116 at
1286 2056 1377 2116 codd
1393 2058 1444 2115 im·

405 2139 498 2196 dicam
509 2139 640 2216 exempla
653 2138 905 2216 pluralisnominis
944 2139 1034 2216 pressi
1054 2157 1161 2211 omnes,
1180 2158 1291 2197 necnon
1313 2138 1444 2197 Clemens

405 2219 488 2278 istius
510 2220 602 2278 adhue
620 2221 781 2292 desiderari,
800 2221 831 2278 in
851 2220 905 2280 (le
945 2219 1027 2278 Alex„
1062 2218 1169 2278 habent
1200 2225 1287 2293 χώραν
1321 2223 1443 2288 εὐσεβῶν.

406 2301 784 2361 diceetiamhedieeernere
797 2302 905 2379 poteris
945 2300 1014 2359 Non
1041 2307 1085 2360 est
1108 2320 1160 2359 eur
1184 2301 1338 2360 lectionem
1366 2300 1444 2360 Msu

405 2393 460 2440 An.
514 2383 585 2442 Mox
612 2403 664 2459 pre
685 2387 769 2456 αὐτοῦ,
790 2383 904 2455 Jnnius,
946 2382 1060 2442 Codicis
1080 2380 1274 2456 sollicitemus,
1296 2401 1388 2459 quum
1406 2381 1445 2440 le·

406 2465 510 2536 Fellus,
530 2474 559 2524 et
582 2463 767 2538 Colemesius,
786 2465 905 2524 mallent
944 2484 1046 2542 gamus
1066 2471 1150 2537 χῶρος
1163 2463 1240 2541 apud
1253 2464 1381 2542 optimae
1394 2482 1443 2522 no·

404 2550 486 2617 αὐεῆς,
502 2545 519 2603 i.
536 2565 558 2604 e.
574 2547 679 2620 ἀγάπης.
943 2553 991 2604 tae
1011 2545 1170 2622 scriptores,
1184 2554 1248 2604 tum
1261 2552 1371 2623 poetas,
1382 2553 1444 2603 tum

449 2646 471 2684 1.
508 2629 567 2700 δίχα
600 2630 780 2699 προσκλίσεος
809 2629 904 2702 :ineps
944 2647 993 2686 ees
1010 2626 1061 2704 qui
1074 2626 1169 2686 soluta
1182 2626 1311 2686 eratione
1325 2625 1443 2703 seripse-

409 2704 530 2788 [πίνηε],]
549 2707 706 2767 Infelieiter
725 2708 865 2781 Gressius,
879 2719 905 2767 et
943 2716 1019 2767 runt.
1061 2707 1148 2785 Apud
1167 2707 1330 2767 Homerum
1353 2708 1445 2765 κείω

403 2809 473 2846 eane
493 2810 605 2848 ausone
625 2790 755 2866 affection
769 2811 849 2866 perer
867 2791 905 2849 lca
944 2798 1036 2863 χῶρος,
1060 2796 1090 2849 et
1111 2789 1142 2846 in
1164 2788 1221 2849 elio
1247 2788 1312 2848 loeo
1335 2790 1444 2863 ἀείρω

403 2869 495 2927 elieser
508 2880 656 2929 terrestres.
682 2872 770 2929 Recte
785 2871 905 2930 Chevsl-
944 2877 1035 2945 χῶρον.
1059 2870 1098 2929 Et
1112 2871 1188 2947 apud
1202 2870 1365 2929 Aetherem
1376 2869 1444 2927 Dia-

403 2951 508 3022 lierius,
523 2951 642 3010 coelest
654 2952 767 3010 Ιιοπισοο
778 2953 904 3029 petiol-
943 2952 1002 3029 legi
1024 2951 1147 3011 Aniochi
1173 2952 1290 3011 nomine
1314 2950 1444 3029 inscripti

403 3033 455 3107 iay,
469 3052 555 3108 quem
568 3034 605 3090 sd
625 3034 742 3091 modum
757 3034 904 3093 Ruchstus
942 3041 1029 3107 χῶρον
1041 3036 1151 3101 ἀσεβῶν.
1182 3033 1275 3092 Locus
1288 3032 1445 3093 etiumfuit

404 3132 517 3190 quoque
552 3121 581 3172 et
609 3114 777 3191 Herzogius.
829 3114 904 3174 Vide
943 3113 1088 3172 ininsula
1113 3113 1226 3172 Siciliae
1255 3113 1332 3174 inter
1359 3113 1445 3192 Syn·

403 3214 497 3271 supra,
520 3195 535 3271 ξ
556 3209 604 3269 47.
944 3215 1024 3254 cusas
1044 3204 1074 3255 et
1088 3195 1259 3262 Messanam,
1276 3215 1295 3253 a
1315 3193 1372 3273 piis
1390 3194 1444 3254 fia·

447 3295 471 3334 2.
498 3279 561 3350 [ἀπὸ
581 3273 674 3356 Ἀδὰμ]
702 3277 766 3335 Ηοο
787 3275 902 3353 supple.
942 3277 1035 3336 tribus
1055 3277 1149 3336 dietus
1168 3280 1294 3345 Εὔσεβόν
1309 3282 1383 3352 χᾶμα
1400 3276 1444 3335 rel

403 3364 532 3416 mentum
546 3357 681 3416 exhibent
693 3358 814 3416 Coteler.
828 3357 903 3416 (lou-
942 3366 1035 3434 χῶρος·
1066 3363 1115 3415 Διὰ
1141 3364 1219 3415 ταῦτα
1246 3363 1271 3416 ol
1299 3363 1443 3415 Σωλιὸεα

403 3445 488 3497 stent.
505 3438 587 3515 Frey.
611 3439 703 3497 Helel,
725 3439 900 3516 Reithmsyr.
942 3444 987 3496 τὸν
1003 3447 1089 3515 χῶρον
1105 3442 1197 3496 ἐκεῖνον
1216 3442 1343 3505 Ericen&
1359 3444 1444 3513 χόρσ

403 3528 433 3579 et
451 3520 618 3578 Dresselius.
641 3521 759 3577 Nullam
773 3520 903 3579 lacunam
943 3524 1074 3578 ε’κοἊεσαν.
1091 3519 1197 3578 Cenon
1210 3520 1279 3578 Nar.
1293 3540 1341 3595 43.
1358 3520 1444 3581 Ferte

404 3600 531 3660 indicent
543 3601 657 3673 lunius,
679 3602 807 3660 Galland
831 3602 903 3660 Rus·
943 3601 1095 3678 legendum
1109 3609 1152 3659 est
1172 3608 1258 3676 χῶρον
1270 3601 1302 3660 in
1321 3602 1444 3662 mundo

403 3683 452 3741 sel.
474 3683 729 3741 Schoenemannus.
772 3682 903 3760 Spatium
943 3682 1026 3741 leco:
1061 3691 1138 3741 certe
1171 3682 1249 3760 apud
1278 3683 1444 3761 Lycurgum

403 3772 499 3823 autem
514 3764 543 3820 in
558 3784 615 3841 que
628 3767 679 3822 ἀπὸ
691 3766 772 3834 Ἀδάμ
791 3773 841 3823 aut
855 3765 903 3822 de·
944 3764 1022 3822 loeus
1035 3762 1082 3821 hic
1096 3763 1202 3823 dieitur
1214 3767 1343 3833 Εῦσεβῶν
1352 3772 1441 3839 papae.

404 3846 490 3922 nique
524 3846 581 3904 tale
615 3846 685 3923 quid
717 3845 901 3917 desideretur,
944 3844 988 3902 De
1014 3845 1077 3902 loce
1104 3844 1155 3904 ille
1181 3844 1238 3903 vid
1267 3845 1444 3906 celeberrimi

404 3935 480 3985 certe
494 3934 605 3997 exatat3
620 3936 650 3986 et
658 3947 830 4005 quemquam
844 3946 903 3984 ma·
943 3925 1004 3983 Rie.
1017 3925 1140 3985 Bentleii
1156 3927 1398 3987 Dissertatienem
1410 3928 1443 3987 de

404 4009 483 4066 culae
504 4009 607 4084 quibus
627 4009 731 4084 pagina
752 4008 821 4066 haee
841 4015 904 4065 tota
944 4006 1053 4065 Phalar.
1074 4028 1101 4085 p.
1122 4010 1187 4082 185,
1201 4008 1251 4085 qui
1265 4015 1298 4068 et
1311 4009 1374 4087 ipse
1393 4028 1442 4087 pre

404 4089 526 4148 afficitur
548 4110 662 4147 emnem
685 4089 903 4147 hariolationem
943 4088 1081 4166 singulari
1099 4109 1157 4155 sua,
1173 4109 1230 4167 que
1249 4109 1351 4150 omncs
1371 4089 1442 4150 exci-

404 4180 511 4242 vetant,
544 4170 713 4229 auctoritate
748 4169 904 4229 Clementis
943 4190 1011 4247 pere
1028 4170 1108 4243 solet,
1122 4170 1312 4244 humanitate,
1326 4191 1373 4231 me
1386 4191 1442 4231 me·

404 4251 592 4311 Alexandrini
617 4251 736 4310 nitimur
757 4253 805 4328 qui
828 4252 904 4310 hune
944 4252 1015 4325 nuit,
1028 4272 1086 4310 non
1100 4272 1160 4311 esse
1173 4252 1380 4313 discedendum
1392 4253 1442 4313 hoe

405 4334 507 4405 locum,
517 4338 547 4388 At
560 4336 644 4407 γενεαί
657 4333 692 4390 ad
706 4337 750 4404 τῆς
760 4337 903 4407 βασιλείας,
943 4333 974 4391 in
1001 4334 1063 4392 loeo
1090 4354 1108 4392 s
1134 4334 1191 4392 fide
1212 4332 1293 4393 Msti
1322 4334 1439 4395 codicis

404 4415 493 4473 tacito
506 4414 662 4472 Clementis
677 4415 767 4473 nostri
779 4414 902 4485 nemine,
943 4422 1032 4490 Χῶρος
1045 4418 1161 4482 εὐσεβῶν
1173 4414 1252 4474 idem
1265 4422 1311 4476 est
1324 4436 1358 4476 ac
1378 4420 1441 4491 Ιᾶρι·

405 4496 482 4565 citet,
502 4495 607 4554 Strom,
629 4496 659 4553 iv
679 4510 705 4570 7,
726 4516 753 4573 p.
777 4498 835 4567 614
857 4496 901 4554 ed.
942 4497 1017 4565 με’νος
1036 4500 1113 4555 τόπος
1132 4496 1146 4572 §
1165 4517 1212 4570 44.
1256 4496 1329 4557 Esse
1348 4506 1442 4558 autem

404 4576 511 4636 Potter.
943 4577 1018 4635 hune
1032 4577 1158 4636 medium
1168 4578 1323 4655 quemdam
1336 4586 1441 4639 statum

446 4679 471 4732 3.
501 4660 547 4729 τὴν
570 4665 615 4714 τοῦ
637 4665 702 4715 θεοῦ
728 4656 824 4739 χάριν,]
855 4659 904 4718 Ita
943 4658 1094 4731 felicitatis,
1105 4679 1162 4736 quo
1172 4658 1237 4737 piae
1250 4661 1364 4720 animno
1377 4680 1441 4719 mox

404 4739 473 4797 Ced.
497 4740 599 4798 Mstus
618 4748 647 4799 et
664 4740 795 4799 Clemens
815 4741 900 4799 Alex.
943 4759 959 4796 a
982 4739 1106 4798 discessu
1128 4760 1143 4799 e
1162 4741 1332 4818 cerporibus
1347 4742 1441 4801 fruun-

405 4821 476 4878 Edd
502 4828 569 4879 ante
591 4822 768 4893 Wottonum,
791 4842 902 4881 necnon
943 4829 999 4891 tur,
1015 4841 1072 4879 nen
1092 4830 1190 4881 sutem
1209 4822 1307 4899 ipsum
1325 4824 1442 4897 eoelum

404 4901 634 4974 Hornemannus,
659 4903 764 4961 habent
791 4907 836 4975 τὴν
857 4910 902 4961 τοῦ
942 4902 1094 4962 credidisse
1108 4904 1222 4962 videtur
1242 4903 1377 4964 Clemens
1396 4925 1442 4965 no·

403 4989 516 5056 Χριστοῦ
549 4988 632 5056 χάριν.
692 4985 793 5042 Mirari
820 4984 901 5043 Junll
942 4990 1043 5050 steni
1067 4986 1211 5059 σῦγχρονος
1231 5006 1264 5044 ao
1289 4986 1443 5065 discipulut

403 5063 607 5140 negligentiam
634 5065 708 5137 lieet,
732 5066 781 5144 qui
805 5086 903 5126 veram
943 5069 1114 5126 Sanctorum
1129 5066 1216 5137 Petri,
1232 5067 1380 5146 Paulique,
1393 5068 1443 5128 sie·

404 5144 555 5203 lectionem
569 5145 691 5222 margini
705 5148 845 5224 apposuit.
943 5156 976 5206 ut
997 5169 1032 5207 ex
1057 5148 1092 5207 iis
1115 5167 1188 5226 quae
1209 5157 1373 5226 sequuntur
1392 5151 1443 5209 im-
