3250 6617
331 1046 394 1111 AD
416 1046 706 1126 CORINTHIOS,
730 1048 858 1111 xxxviii.
1055 1047 1118 1112 137

85 1228 117 1294 et
151 1246 264 1318 quam
297 1220 474 1297 submisse
507 1224 688 1322 imperata
726 1233 1002 1322 exsequantur:
1046 1249 1117 1294 non

85 1362 207 1411 omnes
223 1348 314 1411 sunt
329 1339 512 1437 preelecti,
529 1367 648 1439 neque
665 1340 887 1423 chiliarchae,
905 1366 1022 1439 neque
1039 1366 1119 1412 een-

85 1454 255 1541 turiones,
284 1482 403 1555 neque
429 1456 742 1558 quinquagenarii,
772 1467 811 1531 et
840 1457 890 1531 sic
923 1456 1118 1554 deinceps;

85 1572 332 1673 unusquisque
345 1601 431 1648 vero
449 1576 488 1649 in
504 1602 570 1649 suo
588 1575 713 1649 ordine
730 1602 824 1674 quae
842 1575 888 1647 ab
905 1575 1121 1673 imperatore

85 1686 142 1761 vel
158 1686 313 1763 ducibus
332 1689 520 1789 jubentur,
537 1691 689 1790 peragit.
742 1690 872 1789 Magni
894 1691 971 1764 sine
989 1689 1121 1788 parvis,

85 1814 122 1877 et
137 1805 243 1903 parvi
259 1807 337 1881 sine
353 1809 497 1907 mugnis
514 1808 710 1881 consistere
722 1818 933 1905 nequermt3
961 1808 1124 1880 mixtum

85 1922 264 2019 quaedam
288 1924 407 1997 estin
433 1924 609 2011 omnibus,
627 1934 666 1998 et
686 1923 771 1998 inde
796 1952 892 1999 usus.
944 1923 1123 2022 Exemplo

85 2038 189 2113 nobis
204 2040 255 2114 sit
271 2067 401 2141 corpus
423 2051 612 2129 nostrum3
638 2051 750 2140 eaput
766 2042 844 2115 sine
863 2042 1016 2140 pedibus
1033 2041 1123 2113 nihil
1139 2050 1263 2166 i2c⁰io¹fi

85 2166 153 2243 est,
168 2167 280 2255 prout
295 2184 412 2257 neque
430 2159 541 2257 pedes
558 2158 636 2232 sine
654 2159 797 2257 cupite3
834 2160 984 2232 minima
1000 2168 1124 2232 autem

85 2275 244 2373 eorporis
276 2276 392 2349 nostri
426 2276 588 2349 membre
621 2277 791 2349 universo
825 2278 966 2375 corpori
1006 2303 1126 2350 neces-

85 2390 182 2465 saria
206 2401 246 2465 et
274 2392 382 2467 utilia
404 2402 502 2478 sunt,
526 2403 565 2466 et
593 2404 726 2467 cuncta
751 2394 970 2491 conspirent,
993 2405 1128 2467 etune

85 2508 311 2609 subjectione
357 2511 405 2585 ud
452 2512 568 2586 totius
614 2511 771 2609 corporis
819 2513 1125 2585 conservationem

86 2634 254 2700 utuntur.

136 2742 362 2818 XXXVIII.
396 2744 574 2819 Servetur
601 2746 725 2845 itaque
755 2756 877 2819 totum
907 2774 1037 2846 corpus
1067 2772 1129 2818 no-

85 3010 238 3087 impellunt
264 3012 479 3088 qeeinqeaqinm
505 3013 589 3070 remi-
630 3033 683 3089 pro
701 3018 817 3084 συμπνεῑ,
832 3013 908 3089 quetl
929 3014 965 3070 ab
985 3011 1056 3069 Eeld.
1072 3030 1132 3068 em-

85 3112 141 3167 yu.
631 3094 714 3152 nibus
735 3094 895 3165 exhibetur,
911 3094 1038 3170 reposuit
1052 3092 1132 3150 wot-

128 3194 156 3247 4.
172 3176 279 3233 ἕκαστος
298 3177 326 3231 ἐν
340 3180 376 3251 τῷ
393 3177 448 3250 ἰδίῳ
465 3171 585 3254 τάγματι]
631 3184 725 3234 tonus.
751 3175 826 3234 Vide
840 3195 925 3253 supra
938 3183 1037 3234 notatu
1050 3194 1077 3251 p.
1094 3175 1131 3231 86

88 3256 132 3315 Oi.
146 3255 223 3313 inire
236 3256 252 3332 ξ
267 3276 314 3328 41,
329 3265 358 3315 ct
373 3257 408 3315 D.
420 3256 540 3314 Paulum
554 3256 591 3313 ad
631 3258 649 3315 l.
666 3262 691 3314 6.
736 3257 884 3316 Liueolem
904 3277 970 3315 sene
991 3268 1130 3316 transver-

87 3336 154 3397 Oer.
169 3336 224 3416 Ep.
239 3337 255 3394 I
270 3357 310 3395 xv
324 3357 369 3414 23.
632 3360 692 3396 sem
719 3339 748 3397 in
776 3340 871 3397 merlio
898 3339 998 3397 literae
1018 3339 1132 3395 ductum

130 3432 158 3493 5.
179 3424 226 3475 τοῦ
244 3417 387 3500 βασιλέως]
406 3419 472 3478 Seil.
489 3418 592 3479 Uacca-
632 3440 747 3479 eernere
760 3428 882 3497 pote-rat,
895 3441 982 3498 quom
999 3420 1083 3478 lrodic
1104 3419 1134 3475 in

87 3501 140 3575 ris,
164 3502 354 3579 Imperatoris
379 3501 516 3568 Romani,
539 3521 592 3578 pro
632 3502 760 3579 reliquiis
788 3502 866 3560 listi
893 3501 993 3560 leceris
1019 3509 1048 3559 ct
1075 3500 1133 3577 gel-

88 3582 205 3641 nemine
238 3582 369 3660 legitimo
399 3586 591 3657 αὶτακράτορος.
632 3584 725 3642 lerum
747 3604 833 3642 succo
855 3584 936 3642 illitis
956 3583 1053 3640 videre
1076 3602 1134 3639 non

90 3664 134 3723 CI
150 3663 180 3723 S.
198 3663 259 3723 Pet
274 3664 290 3721 I
305 3664 327 3722 ii
345 3684 389 3741 13,
410 3664 459 3720 εἴτε
479 3669 592 3731 βασιλεῖ,
633 3666 755 3743 amplius
767 3665 845 3724 licet.
875 3666 944 3724 Post
958 3670 1055 3734 σώματι
1070 3663 1134 3719 Boi-

89 3750 125 3807 ὕι
146 3748 305 3820 insequere·
346 3761 391 3819 17,
414 3750 460 3802 τὸν
481 3747 594 3812 βασιλέα
633 3748 692 3806 sius
718 3747 825 3823 aliquid
853 3746 990 3804 excidisse
1013 3743 1133 3821 suspice-

88 3830 188 3901 πμᾶτι·
218 3826 335 3887 etinfm
348 3827 433 3886 Mart.
452 3826 480 3886 S.
496 3827 591 3904 Ignat.
633 3836 690 3900 tur,
701 3837 731 3886 et
741 3828 841 3887 inserit
852 3832 892 3884 καὶ
904 3830 949 3883 οὐκ
959 3830 1016 3883 ἔστι
1027 3830 1135 3898 σχίσμα.

92 3908 147 3987 ξπ,
159 3915 284 3985 Τραϊανοῦ
293 3915 339 3965 τοῦ
351 3910 489 3977 βασιλέως.
509 3908 595 3966 Plura
635 3909 768 3969 Davisius
802 3930 855 3987 pro
884 3911 952 3965 ἄλλά
985 3907 1134 3984 legendum

90 3990 172 4050 dabit
194 3988 350 4049 Eelrhclius
375 3990 476 4049 Doetr.
504 3991 592 4048 Num.
634 3999 731 4051 censet
751 3995 809 4062 <leq
832 3999 863 4050 et
886 3990 957 4048 nihil
979 3988 1137 4047 mutatione

91 4072 156 4131 Vct.
170 4071 223 4130 viii
243 4092 271 4149 p.
288 4073 355 4147 366.
635 4094 715 4151 opus,
732 4074 819 4132 modo
839 4076 914 4143 ἀλλά,
935 4092 1001 4130 eum
1023 4069 1137 4128 Gallen-

133 4155 161 4212 ⁶.
175 4150 381 4233 αὕτεαίμικραὶ]
407 4152 455 4211 Ite
467 4153 594 4211 Wotton.
637 4155 694 4227 dio,
715 4162 811 4215 vertes
838 4156 912 4231 quin
942 4154 1037 4223 imme,
1065 4151 1138 4225 quin

92 4234 260 4295 Schoenon.
271 4234 364 4293 Hesel
375 4234 499 4293 Reithm.
510 4234 596 4292 Dres-
635 4238 740 4314 polius,
752 4237 929 4296 Hellenismo
943 4233 1136 4291 usitatissimo.

92 4315 188 4381 selim,
201 4336 268 4375 eum
283 4316 376 4375 Muto.
399 4315 512 4375 (laeteri
523 4316 596 4373 Ede
682 4334 725 4391 15.
741 4320 804 4375 ὅλον
816 4322 846 4374 τὸ
860 4319 957 4392 σῶμα]
981 4314 1065 4372 Hune
1079 4314 1137 4391 ple-

93 4400 158 4457 αὖθί.
195 4396 375 4457 Sententiam
388 4398 465 4475 quod
479 4397 598 4468 adtinet,
638 4420 705 4457 nam
731 4399 810 4457 MSti
838 4398 987 4456 lectionem
1013 4395 1139 4455 restituit

94 4478 347 4539 Davisiuseonlert
355 4478 597 4557 MeneniiAgrip·
636 4481 798 4540 Wottonus.
843 4479 915 4537 Edd.
938 4478 1065 4555 plerique
1083 4477 1137 4534 Ju-

92 4580 148 4639 puc
166 4560 322 4640 apologum
337 4561 414 4639 apud
434 4560 557 4632 Livium,
576 4559 596 4616 ii
637 4565 717 4621 nium
730 4570 896 4640 sequuntur,
908 4561 965 4637 qui,
980 4560 1085 4617 lectore
1098 4558 1140 4615 in-

94 4662 142 4719 3²·
181 4642 280 4701 Aridus
293 4642 425 4721 Sophocl.
441 4642 486 4720 Aj.
503 4646 568 4715 158,
637 4643 964 4709 consultoomiseratrs
978 4648 1059 4709 σῶμα.
1082 4640 1141 4696 ilu-

126 4758 204 4807 ..εγω
215 4758 309 4819 ⁶le
319 4755 432 4818 mm„
441 4756 513 4819 mi,
638 4727 738 4785 chutus
758 4730 905 4801 comparat
924 4722 1040 4782 Tertull.
1056 4720 1138 4798 Apol.

127 4824 250 4887 σφαλερὸν
260 4824 350 4885 πύργου
359 4824 421 4885 ῥῦμα
431 4821 553 4870 πέλονται·
639 4828 687 4883 39,
720 4806 851 4883 ‘Corpus
878 4824 975 4862 sumus
1004 4803 1039 4861 ele
1074 4822 1139 4861 con-

127 4886 575 4949 mamemwrflartstpm’tr
640 4888 779 4947 ‘scientie
806 4886 971 4963 Religionis,
1000 4894 1029 4943 et
1056 4884 1139 4942 ‹lisci-

127 4954 166 5005 ’ἀ
176 4956 253 5016 ”⁶⁷⁸¹
263 4952 347 5017 Μῶν
358 4954 403 5003 ⁶¹¹³
413 4951 563 5015 “mim
640 4978 647 5003 ‘
662 4972 756 5048 plinec
776 4968 935 5035 divinitate,
957 4972 986 5025 et
1002 4966 1060 5043 spei
1083 4966 1140 5024 loe·

142 5080 185 5119 12.
207 5061 277 5115 α’λλὸ
296 5062 377 5117 πάντα
395 5052 519 5137 comt]
543 5056 598 5121 Ite,
641 5053 747 5111 ‘dere’

185 5174 256 5219 vor..
273 5175 296 5218 1.
683 5170 702 5211 τ
