3250 6617
341 1057 430 1121 lxviii
641 1053 785 1117 INDEX
816 1051 1091 1116 EDITIONUM.

428 1227 593 1292 citationes
622 1248 661 1290 ex
687 1224 746 1288 SS.
771 1247 843 1288 cum
870 1223 962 1286 LXX
986 1222 1067 1286 Intt.
1094 1220 1224 1304 aliisque
1246 1219 1389 1303 optimae

427 1335 521 1394 notae
535 1329 740 1406 versionibus,
755 1350 876 1392 necnon
891 1327 1023 1391 veritate
1043 1323 1199 1390 Hebraica
1218 1321 1387 1387 conferim-

428 1441 492 1511 tur,
517 1433 599 1497 infra
627 1431 749 1517 posuit:
783 1429 1011 1495 Adnotationes
1040 1427 1140 1505 Junii,
1166 1425 1326 1504 cotelerii,
1352 1431 1387 1490 et

429 1535 559 1600 Boisii*
576 1558 639 1600 non
661 1534 793 1598 antehae
816 1532 926 1610 editas,
944 1532 984 1596 ad
1006 1532 1100 1595 linem
1122 1530 1244 1615 adjecit.
1288 1528 1385 1593 Prae-

429 1639 508 1703 fixae
527 1643 603 1702 sunt
618 1637 783 1714 Praefatio,
804 1660 857 1720 pp.
873 1635 974 1714 ccviii,
990 1634 1029 1698 de
1047 1634 1118 1698 Usu
1137 1634 1279 1711 Patrem,
1294 1653 1385 1716 prae·

430 1742 519 1826 cipue
533 1740 797 1824 Apostolicorum,
812 1762 849 1803 ac
865 1737 1108 1802 Dissertationes
1127 1737 1217 1814 duae,
1232 1735 1331 1800 altera
1345 1733 1386 1798 de

431 1845 594 1908 Diiinitus
608 1843 756 1908 instituto
772 1843 874 1920 (llere,
889 1843 927 1907 de
943 1841 1077 1906 Unitate
1091 1840 1246 1905 Ecclesiae
1260 1838 1369 1904 altera.

475 1946 579 2030 Hujus
611 1946 757 2012 editionis
791 1945 1040 2010 accuratissimae
1068 1943 1257 2028 exemplaria
1283 1965 1386 2027 pauca

430 2052 539 2115 charta
553 2050 662 2135 majori
676 2055 752 2113 sunt
766 2051 925 2132 impressa.

349 2194 440 2260 1721,
456 2176 597 2253 Parisiis,
612 2175 666 2241 fol.

474 2280 597 2343 Prrnus
619 2279 848 2356 Cousrnnnns,
869 2278 1035 2363 Presbyter
1056 2286 1089 2341 et
1109 2277 1284 2341 Monachus
1306 2275 1387 2339 Ord.

432 2383 466 2445 S.
485 2382 648 2447 Benedicti
669 2404 687 2445 e
709 2381 963 2464 Congregatione
986 2381 1019 2444 S.
1033 2380 1150 2459 Mauri,
1171 2381 1206 2444 in
1226 2377 1385 2465 Epistola-

430 2508 500 2548 rum
515 2485 704 2549 Pontificum
720 2484 933 2548 Romanorum
951 2486 1005 2548 duc.
1021 2491 1108 2548 tomo
1129 2484 1241 2569 prime,
1260 2481 1386 2547 eodem-

430 2611 490 2671 que
511 2588 635 2667 ultimo,
650 2587 860 2653 recensionem
883 2586 1112 2652 Cotelerianam
1133 2608 1237 2672 presse
1258 2591 1386 2651 secutus

431 2696 489 2769 est,
508 2691 593 2754 notis
613 2690 721 2775 paneis
742 2689 928 2774 perutilibus
949 2690 1087 2775 adjectis.
1132 2688 1293 2774 Reliquiae
1313 2688 1387 2753 Cle·

430 2794 588 2858 mentinae
602 2794 734 2877 paginas
749 2792 809 2856 sibi
824 2792 986 2857 vindicant
1001 2816 1065 2879 9-
1066 2810 1117 2877 50.

348 2907 440 2992 1796,
460 2908 626 2988 Gottinpae,
643 2907 673 2984 8,
689 2929 763 2969 cura
778 2906 815 2969 C.
831 2906 867 2968 Τ.
885 2905 926 2969 G.
944 2907 1201 2971 Schoenemanni.

348 3043 441 3110 1742,
455 3027 606 3104 Basileus,
623 3027 652 3089 8.

475 3131 550 3194 Jon.
582 3130 705 3193 hunov.
738 3130 834 3207 Furi,
866 3130 899 3193 S.
933 3131 1040 3195 Theol.
1075 3131 1158 3195 Prot.
1194 3131 1388 3212 Basiliensis,

430 3240 555 3297 textum
574 3256 613 3296 ex
633 3231 769 3296 editione
788 3231 944 3316 Ittigiana
965 3233 1126 3318 expressit,
1145 3234 1200 3298 sed
1221 3235 1266 3299 ita
1286 3241 1325 3300 ut
1346 3236 1388 3300 ad

431 3336 508 3400 alias
522 3335 692 3420 castigatas
707 3335 870 3414 editiones,
885 3336 1048 3421 praecipue
1062 3337 1103 3401 ad
1117 3337 1251 3421 primam
1266 3339 1353 3403 illum
1369 3363 1389 3404 a

433 3438 529 3502 Junio
547 3462 692 3503 excusam
714 3447 864 3522 perpetuo
886 3440 1060 3524 respiceret.
1098 3441 1207 3504 Versio
1223 3442 1340 3507 Latina
1352 3444 1390 3507 in

434 3543 535 3627 priore
558 3543 701 3627 Epistola
723 3542 865 3626 sequitur
890 3542 949 3606 Ed.
972 3544 1181 3628 Ittigianam:
1204 3545 1295 3610 alteri
1318 3569 1389 3611 ver-

434 3647 553 3712 sionem
576 3646 690 3711 Godof.
706 3645 876 3711 Vendelini
893 3648 1046 3730 adjunxit.
1092 3647 1291 3714 Wottoniani
1315 3649 1390 3715 libri

433 3751 590 3836 exemplar
604 3750 742 3835 primum
754 3749 894 3814 obtinuit
905 3750 1034 3835 Erepn'us
1048 3773 1146 3835 quum
1160 3752 1292 3836 epistola
1305 3753 1391 3838 prior

434 3855 519 3939 typis
529 3856 597 3939 jam
612 3860 693 3917 esset
703 3853 869 3937 descripta,
879 3859 916 3916 ut
926 3853 1055 3937 proinde
1069 3854 1232 3937 posteriori
1245 3862 1389 3922 tantum-

435 3958 526 4022 modo
541 3957 668 4022 editoris
678 3957 949 4040 cantabrigiensis
960 3980 1050 4021 curae
1065 3959 1208 4042 prodesse
1218 3959 1390 4044 potuerint.

476 4069 497 4099 “
513 4060 770 4145 Qualemcunquc
791 4060 932 4137 tamen,''
947 4067 984 4122 ut
1002 4061 1105 4125 verbis
1128 4061 1287 4126 Gallandii
1307 4069 1390 4143 utar,

435 4173 457 4203 “
471 4164 564 4249 hujus
579 4163 725 4228 editionis
741 4164 909 4248 Ereyanae,
925 4164 1039 4249 alioqui
1054 4165 1131 4229 satis
1145 4166 1273 4245 nitidae,
1289 4167 1391 4233 defec-

381 4434 396 4467 *
411 4429 540 4481 Johannes
557 4429 662 4487 Boisius,
680 4433 767 4492 postea
786 4427 927 4476 Canonicns
947 4427 1061 4487 Eliensis,
1079 4444 1144 4477 unus
1162 4445 1177 4477 e
1196 4427 1328 4493 Theologis
1347 4429 1392 4492 qni

349 4513 427 4577 Regis
436 4513 455 4562 J
456 4512 526 4561 scobi
535 4513 547 4560 1
558 4511 674 4577 auspiciis
685 4511 710 4560 S.
721 4511 860 4560 Bibliorum
870 4511 1008 4559 versionem
1017 4511 1176 4559 vernaculam
1187 4511 1392 4572 emendaverunt,

349 4612 366 4645 a
376 4595 478 4655 Savilio,
491 4595 518 4642 in
529 4594 697 4658 chrysostomi
714 4593 825 4642 editione
838 4593 988 4648 adornanda.
1000 4593 1026 4641 in
1043 4593 1124 4657 operis
1140 4594 1284 4643 societatem
1300 4594 1394 4644 ascitus

351 4683 395 4728 est
431 4676 606 4725 Defensiouem
619 4676 749 4725 Versionis
760 4676 889 4740 Vulgatae
906 4677 1051 4739 conseripsit
1068 4678 1115 4726 sub
1131 4677 1177 4725 hoc
1195 4677 1276 4733 titulo.
1289 4677 1392 4726 Veteris

352 4759 500 4823 interpretis
512 4774 569 4807 cum
575 4759 640 4807 Besa
648 4759 752 4823 aliisque
762 4758 942 4808 recentioribus
955 4759 1062 4807 collatio.
1076 4759 1156 4809 Lond.
1166 4761 1190 4817 8,
1202 4758 1272 4822 1655.
1289 4760 1395 4824 Septua-

350 4843 459 4907 geuene,
473 4846 502 4889 ut
513 4841 565 4905 ipse
576 4841 715 4905 profitetur,
723 4843 777 4905 jam
789 4843 924 4905 proximus,
934 4841 1006 4904 jussu
1016 4842 1034 4891 J
1036 4842 1141 4890 ohannis
1147 4841 1271 4891 Williums
1278 4843 1394 4906 Episcopi

352 4923 538 4983 Lincoluiensis,
550 4925 616 4972 notis
628 4925 765 4973 illustravit
779 4925 951 4988 apographum
963 4924 1089 4988 quoddam
1100 4925 1269 4989 Epistolamm
1281 4925 1392 4974 Clemen-

351 5007 461 5054 tiuarum
472 5006 540 5053 vitiis
550 5006 685 5066 refertum
702 5008 768 5071 quod
785 5006 845 5054 inde
861 5012 967 5065 constat,
982 5007 1048 5070 quod
1064 5023 1113 5056 nou
1127 5012 1226 5056 tantum
1238 5024 1281 5057 eas
1290 5000 1393 5057 mendas

351 5104 415 5152 quae
427 5105 442 5136 a
452 5087 532 5138 Jnnio
543 5094 641 5151 praeter
652 5089 723 5138 MSti
739 5090 814 5138 fidem
831 5088 982 5138 exhibentur
998 5095 1104 5139 conatus
1115 5092 1148 5140 sit
1158 5091 1298 5154 emendare,
1311 5090 1355 5141 sed
1367 5095 1394 5140 et

352 5169 444 5218 multas
454 5169 522 5229 alias,
536 5185 600 5232 quae
611 5175 678 5220 recte
689 5187 715 5220 se
727 5170 822 5219 habent
833 5170 860 5218 in
870 5170 979 5221 editione
990 5172 1009 5221 J
1009 5173 1108 5222 uniana.
