3250 6617
383 1159 385 1164 ·
407 1064 505 1129 xxviii
660 1064 988 1129 RECENTIORUM
1011 1063 1031 1125 J
1035 1060 1196 1126 UDICIA

240 1261 360 1323 Quium,
408 1238 485 1301 Post
510 1260 603 1322 quem
625 1239 736 1302 Petrus
758 1237 912 1314 canisius,
935 1236 983 1300 vir
1003 1234 1153 1311 eruditus,
1175 1232 1215 1296 ad
1236 1227 1452 1294 confirmatio·

268 1326 338 1391 ¹⁵⁸⁶·
408 1362 481 1403 nem
504 1340 705 1418 Catechismi,
727 1339 908 1404 testimonio
930 1337 1051 1422 Ignatii
1077 1359 1115 1401 ex
1137 1333 1246 1398 Veteri
1270 1333 1453 1416 Interprete

409 1442 590 1507 creberrime
607 1442 719 1507 utitur.

453 1545 688 1610 Centuriatores
713 1551 745 1608 et
769 1545 947 1623 Calvinum,
973 1543 1056 1628 quod
1082 1542 1246 1624 Ignatium
1268 1546 1336 1602 tam
1358 1535 1450 1620 parvi

240 1672 373 1798 ffb
409 1645 1289 1816 dldtffltlmtlfftlffl&llllilldlm'
1313 1640 1451 1808 pq„

290 1753 1332 1816 ¹·u1n.eens1m¹av1num1ernse
1422 1766 1449 1806 ι·

242 1819 383 1935 wpi6tos6kea
410 1855 504 1919 stolas
533 1855 722 1918 “obscurae
757 1855 929 1939 dubiaeque
966 1853 1063 1916 fidei'’
1092 1873 1158 1916 esse
1193 1794 1294 1927 notat:
1327 1857 1349 1886 “
1364 1766 1450 1931 quid

410 1965 431 1995 “
445 1958 549 2040 plnres
564 1956 693 2040 Ignatio
714 1980 797 2020 nunc
819 1957 1044 2034 adscribantur,
1060 1955 1098 2019 dc
1113 1955 1225 2040 quibus
1240 1950 1394 2016 Eusebius
1415 1953 1450 2012 et

410 2067 431 2098 “
448 2059 660 2144 Hieronymus
675 2081 737 2123 non
753 2060 973 2138 meminerunt,
988 2066 1020 2123 et
1034 2058 1118 2143 quod
1132 2059 1197 2141 ejus
1211 2055 1367 2140 quoddam
1382 2052 1448 2116 dic·

410 2171 431 2201 “
445 2169 515 2226 tum
536 2163 648 2226 recitet
671 2163 895 2248 Hieronymus,
910 2163 1054 2246 aliudque
1068 2161 1291 2237 Theodorctus,
1308 2156 1393 2242 quod
1414 2154 1449 2218 in

410 2265 515 2329 “istis
537 2288 615 2349 quae
637 2266 897 2330 circumferuntur
916 2266 1067 2350 Epistolis
1089 2287 1242 2348 nusquam
1263 2259 1449 2345 reperitur.'’

410 2369 458 2432 Ac
479 2368 669 2432 Bellarmino
691 2368 890 2451 respondens,
912 2391 951 2432 ex
966 2368 1139 2432 Duodecim
1155 2366 1275 2450 Ignatii
1297 2361 1450 2448 Epistolis

411 2471 529 2535 Graece
549 2471 745 2535 exstantibus
762 2471 890 2555 Septem
911 2477 1037 2535 tantum
1059 2478 1244 2535 memoratas
1259 2466 1395 2532 Eusebio
1416 2471 1451 2529 et

412 2573 605 2658 Hieronymo
620 2573 860 2650 animadvertit,
884 2575 956 2638 “de
971 2574 1116 2658 quibus,’'
1131 2573 1244 2657 inquit,
1260 2581 1281 2610 “
1293 2569 1368 2655 quid
1383 2576 1450 2632 sta-

411 2684 432 2714 “
447 2682 585 2752 tuamne,
600 2698 664 2739 non
685 2675 761 2739 satis
783 2683 924 2739 constat:
949 2682 1072 2739 constat
1093 2682 1197 2738 autem
1214 2672 1360 2757 Quinque
1382 2693 1451 2735 esse

411 2788 432 2818 “
447 2778 514 2842 sine
529 2777 624 2842 dubio
639 2778 759 2862 spurias
774 2783 807 2841 et
822 2778 1045 2843 adulterinas.”
1085 2778 1198 2842 Eidem
1213 2775 1385 2859 Campiano
1400 2796 1450 2838 re·

411 2881 566 2965 spondens
582 2881 770 2944 Laurentius
787 2879 991 2958 Hnmfredns,
1014 2887 1103 2945 notat
1125 2889 1146 2918 “
1158 2879 1451 2962 Magdeburgenses

412 2983 695 3046 “moderatissima
723 2983 862 3048 oratione
892 2984 1129 3068 prudentissime
1153 2982 1319 3057 monuisse,
1341 2979 1452 3044 haberi

412 3095 433 3125 “
448 3085 598 3171 quaedam
614 3086 647 3148 in
662 3086 746 3149 hisce
762 3087 923 3170 Epistolis,
938 3111 1016 3172 quac
1031 3087 1070 3150 ad
1086 3087 1237 3150 deformes
1259 3107 1372 3148 naevos
1395 3083 1451 3147 de-

412 3189 563 3253 “clinare
586 3188 749 3266 videntnr3
773 3197 805 3253 et
827 3191 977 3273 quaedam
999 3190 1169 3273 obrepsisse
1191 3189 1252 3251 illis
1274 3185 1452 3250 adulterina

412 3302 432 3333 “
447 3316 511 3358 non
526 3293 673 3356 terenda”
687 3293 819 3356 asserit:
843 3294 960 3378 aliquid
979 3294 1023 3356 eis
1045 3300 1207 3369 resectum,
1223 3290 1340 3375 aliquid
1362 3312 1451 3353 assu-

411 3403 482 3460 tum
502 3418 567 3459 esse
589 3402 764 3458 autumans.

455 3498 589 3561 Interim
615 3499 799 3562 reverendus
826 3499 994 3562 admodum
1017 3497 1208 3581 Whitgiftus
1233 3498 1268 3560 in
1293 3497 1452 3583 Ecclesiae

344 3611 350 3624 '
412 3608 535 3664 nostrae
556 3601 772 3665 controversiis
788 3602 915 3686 ignatio
937 3604 1073 3667 multum
1092 3601 1269 3678 tribuebat,
1293 3606 1326 3664 et
1343 3600 1450 3663 Schis-

309 3749 316 3757 -
412 3705 596 3768 maticorum
611 3706 801 3789 coryphaeus
816 3707 951 3770 Thomas
966 3706 1198 3788 Cartwriglrtus
1218 3704 1356 3788 ejusdem
1375 3728 1450 3768 aue-

411 3809 571 3873 toritatem
588 3807 768 3892 defugiebant
777 3835 786 3886 ;
811 3815 843 3872 et
858 3809 1025 3872 Calvinum
1045 3808 1131 3891 sequi
1149 3808 1313 3891 professus
1328 3807 1451 3891 aliaque

412 3919 600 3995 argument-a
614 3935 651 3975 ex
667 3912 790 3995 proprio
805 3935 888 3995 penu
904 3911 1115 3994 suppeditans
1131 3911 1268 3993 negabat
1290 3919 1450 3974 auctorem

413 4013 622 4097 Epistolarum
649 4014 743 4076 fuisse
770 4014 860 4076 illum
884 4012 1104 4095 Apostolorum
1129 4013 1335 4095 discipulum:
1366 4012 1451 4095 quod

413 4117 529 4199 atejus
551 4138 694 4199 sequaces
713 4117 821 4193 fecere,
836 4115 956 4198 quoties
979 4114 1095 4198 aliquid
1118 4115 1192 4198 ipsis
1214 4117 1370 4199 objectum
1389 4121 1450 4193 est,

413 4217 462 4280 cui
488 4217 671 4300 respondere
700 4216 790 4279 aliter
816 4239 879 4279 non
907 4224 1075 4299 potuerunt
1086 4244 1095 4294 3
1126 4217 1245 4301 quoties
1275 4225 1380 4281 autern
1409 4218 1452 4281 ad

415 4320 646 4403 Presbyterinm
668 4319 916 4383 confirmandum
937 4319 1053 4403 aliquid
1075 4322 1172 4385 l'accre
1194 4320 1368 4397 videbatur,
1383 4322 1451 4405 ejus

413 4423 598 4487 auctoritate
618 4424 751 4486 libenter
765 4423 1000 4507 frequenterque
1014 4424 1191 4487 utebantur.

331 4532 336 4544 '
369 4567 374 4580 ·
457 4527 537 4588 Tum
552 4549 624 4590 vero
640 4526 877 4591 eminentissimi
900 4526 961 4589 dno
977 4527 1166 4606 Cardinales,
1183 4528 1334 4590 Baronius
1356 4533 1452 4610 atique

416 4628 632 4707 BellurminuS,
648 4631 693 4694 ita
702 4629 896 4713 judicabant.
944 4630 1095 4693 Batonius
1117 4638 1206 4693 caute
1228 4630 1364 4713 primum
1387 4630 1451 4693 dis-

415 4732 536 4814 tinguit
551 4732 632 4796 inter
643 4734 799 4816 Epistulas
812 4734 924 4797 Latine
939 4740 1064 4796 tantum
1080 4741 1247 4811 exstantes,
1260 4743 1289 4797 et
1306 4758 1356 4797 eas
1372 4757 1452 4816 qnae.

416 4832 532 4894 Graece
555 4832 648 4894 etiam
671 4833 868 4915 prodierant:
897 4834 1011 4917 priores
1033 4834 1148 4898 nullius
1169 4835 1363 4898 auctoritatis
1385 4858 1451 4897 esse.

415 4932 537 5007 innuit;
562 4933 744 5014 posteriores
758 4956 864 4996 omncs
880 4934 969 4997 avide
987 4935 1195 5017 amplectitur,
1212 4935 1404 5018 incorruptas
1419 4946 1452 4997 et.

416 5037 555 5119 integras
570 5058 635 5098 esse
650 5036 844 5118 pronunciat,
860 5060 969 5120 casqrrc
985 5037 1072 5100 miris
1087 5040 1175 5101 ell'ert
1189 5039 1340 5101 lainlibus
1376 5038 1450 5100 Non

417 5139 500 5204 enim
518 5138 643 5221 Septem
660 5144 784 5200 tanturn
801 5139 933 5201 Eusebio
949 5140 1101 5223 cognitas,
1118 5141 1169 5203 sed
1186 5148 1218 5203 et
1234 5140 1379 5223 Quinque
1404 5164 1449 5202 re-
