<?xml version="1.0" encoding="UTF-8"?>
<!DOCTYPE html PUBLIC "-//W3C//DTD XHTML 1.0 Transitional//EN"
    "http://www.w3.org/TR/xhtml1/DTD/xhtml1-transitional.dtd">
<html xmlns="http://www.w3.org/1999/xhtml" xml:lang="en" lang="en">
 <head>
  <title>
</title>
<meta http-equiv="Content-Type" content="text/html;charset=utf-8" />
  <meta name='ocr-system' content='tesseract 3.04.00' />
  <meta name='ocr-capabilities' content='ocr_page ocr_carea ocr_par ocr_line ocrx_word'/>
</head>
<body>
  <div class='ocr_page' id='page_1' title='image "./sclementisroman00polygoog_0070.png"; bbox 0 0 3250 6617; ppageno 0'>
   <div class='ocr_carea' id='block_1_1' title="bbox 408 1061 1151 1127">
    <p class='ocr_par' dir='ltr' id='par_1_1' title="bbox 408 1061 1151 1127">
     <span class='ocr_line' id='line_1_1' title="bbox 408 1061 1151 1127; baseline 0 -3"><span class='ocrx_word' id='word_1_1' title='bbox 408 1062 472 1125; x_wconf 88' lang='lat' dir='ltr'><strong>lxvi</strong></span> <span class='ocrx_word' id='word_1_2' title='bbox 703 1062 847 1125; x_wconf 84' lang='lat' dir='ltr'>INDEX</span> <span class='ocrx_word' id='word_1_3' title='bbox 877 1061 1151 1127; x_wconf 79' lang='lat' dir='ltr'><strong>EDITIONUM.</strong></span> 
     </span>
    </p>
   </div>
   <div class='ocr_carea' id='block_1_2' title="bbox 242 1235 1453 1832">
    <p class='ocr_par' dir='ltr' id='par_1_2' title="bbox 242 1235 1453 1832">
     <span class='ocr_line' id='line_1_2' title="bbox 242 1235 731 1316; baseline 0.01 -24"><span class='ocrx_word' id='word_1_4' title='bbox 242 1241 395 1292; x_wconf 79' lang='lat' dir='ltr'><strong>olemRom.</strong></span> <span class='ocrx_word' id='word_1_5' title='bbox 412 1236 505 1316; x_wconf 90' lang='lat'><strong>1671,</strong></span> <span class='ocrx_word' id='word_1_6' title='bbox 521 1235 662 1311; x_wconf 68' lang='lat' dir='ltr'><strong>Parisios,</strong></span> <span class='ocrx_word' id='word_1_7' title='bbox 673 1235 731 1298; x_wconf 69' lang='lat' dir='ltr'><strong>fol.</strong></span> 
     </span>
     <span class='ocr_line' id='line_1_3' title="bbox 537 1337 1453 1415; baseline 0.003 -16"><span class='ocrx_word' id='word_1_8' title='bbox 537 1337 663 1400; x_wconf 82' lang='lat' dir='ltr'><strong>Pnrnrr.</strong></span> <span class='ocrx_word' id='word_1_9' title='bbox 687 1337 836 1401; x_wconf 64' lang='lat' dir='ltr'><strong>Lissum</strong></span> <span class='ocrx_word' id='word_1_10' title='bbox 862 1343 894 1401; x_wconf 87' lang='lat' dir='ltr'><strong>st</strong></span> <span class='ocrx_word' id='word_1_11' title='bbox 918 1337 1021 1401; x_wconf 83' lang='lat' dir='ltr'><strong>Gssa.</strong></span> <span class='ocrx_word' id='word_1_12' title='bbox 1046 1338 1250 1415; x_wconf 76' lang='lat' dir='ltr'><strong>Cosssnrrus,</strong></span> <span class='ocrx_word' id='word_1_13' title='bbox 1278 1338 1347 1402; x_wconf 86' lang='lat' dir='ltr'><strong>Soc.</strong></span> <span class='ocrx_word' id='word_1_14' title='bbox 1372 1338 1453 1402; x_wconf 88' lang='lat' dir='ltr'><strong>Jesu</strong></span> 
     </span>
     <span class='ocr_line' id='line_1_4' title="bbox 496 1440 1453 1525; baseline 0.001 -22"><span class='ocrx_word' id='word_1_15' title='bbox 496 1440 683 1524; x_wconf 77' lang='lat' dir='ltr'>Presbyteri,</span> <span class='ocrx_word' id='word_1_16' title='bbox 698 1440 732 1503; x_wconf 94' lang='lat' dir='ltr'><strong>in</strong></span> <span class='ocrx_word' id='word_1_17' title='bbox 747 1447 833 1505; x_wconf 90' lang='lat' dir='ltr'><strong>tomo</strong></span> <span class='ocrx_word' id='word_1_18' title='bbox 848 1441 949 1524; x_wconf 90' lang='lat' dir='ltr'><strong>primo</strong></span> <span class='ocrx_word' id='word_1_19' title='bbox 965 1441 1023 1503; x_wconf 90' lang='grc'><strong>88.</strong></span> <span class='ocrx_word' id='word_1_20' title='bbox 1034 1441 1246 1506; x_wconf 79' lang='lat' dir='ltr'><strong>Consiliorum</strong></span> <span class='ocrx_word' id='word_1_21' title='bbox 1260 1441 1300 1504; x_wconf 87' lang='lat' dir='ltr'><strong>ad</strong></span> <span class='ocrx_word' id='word_1_22' title='bbox 1315 1441 1453 1525; x_wconf 79' lang='lat' dir='ltr'><strong>Regiam</strong></span> 
     </span>
     <span class='ocr_line' id='line_1_5' title="bbox 494 1542 1451 1629; baseline 0.005 -25"><span class='ocrx_word' id='word_1_23' title='bbox 494 1542 674 1606; x_wconf 84' lang='lat' dir='ltr'><strong>Editionem</strong></span> <span class='ocrx_word' id='word_1_24' title='bbox 696 1543 898 1620; x_wconf 81' lang='lat' dir='ltr'><strong>Exactorum,</strong></span> <span class='ocrx_word' id='word_1_25' title='bbox 915 1566 967 1627; x_wconf 88' lang='lat' dir='ltr'><strong>pp.</strong></span> <span class='ocrx_word' id='word_1_26' title='bbox 988 1544 1166 1629; x_wconf 80' lang='lat'><strong>116-192,</strong></span> <span class='ocrx_word' id='word_1_27' title='bbox 1188 1550 1354 1628; x_wconf 85' lang='lat' dir='ltr'><strong>utramque</strong></span> <span class='ocrx_word' id='word_1_28' title='bbox 1377 1544 1451 1609; x_wconf 85' lang='lat' dir='ltr'><strong>Cle·</strong></span> 
     </span>
     <span class='ocr_line' id='line_1_6' title="bbox 437 1646 1452 1731; baseline 0.004 -23"><span class='ocrx_word' id='word_1_29' title='bbox 437 1648 439 1652; x_wconf 77' lang='grc'>’</span> <span class='ocrx_word' id='word_1_30' title='bbox 494 1646 609 1709; x_wconf 89' lang='lat' dir='ltr'><strong>mentis</strong></span> <span class='ocrx_word' id='word_1_31' title='bbox 634 1646 809 1730; x_wconf 87' lang='lat' dir='ltr'><strong>Epistulam</strong></span> <span class='ocrx_word' id='word_1_32' title='bbox 835 1646 1042 1724; x_wconf 90' lang='lat' dir='ltr'><strong>inseruerunt,</strong></span> <span class='ocrx_word' id='word_1_33' title='bbox 1066 1647 1200 1731; x_wconf 88' lang='lat' dir='ltr'>priorem</span> <span class='ocrx_word' id='word_1_34' title='bbox 1225 1647 1352 1731; x_wconf 91' lang='lat' dir='ltr'><strong>quidem</strong></span> <span class='ocrx_word' id='word_1_35' title='bbox 1375 1670 1452 1712; x_wconf 88' lang='lat' dir='ltr'><strong>cum</strong></span> 
     </span>
     <span class='ocr_line' id='line_1_7' title="bbox 494 1748 1449 1832; baseline 0.001 -20"><span class='ocrx_word' id='word_1_36' title='bbox 494 1749 633 1813; x_wconf 85' lang='lat' dir='ltr'><strong>versione</strong></span> <span class='ocrx_word' id='word_1_37' title='bbox 655 1755 687 1813; x_wconf 93' lang='lat' dir='ltr'><strong>et</strong></span> <span class='ocrx_word' id='word_1_38' title='bbox 709 1748 792 1814; x_wconf 88' lang='lat' dir='ltr'><strong>notis</strong></span> <span class='ocrx_word' id='word_1_39' title='bbox 816 1749 916 1826; x_wconf 90' lang='lat' dir='ltr'><strong>Junii‚</strong></span> <span class='ocrx_word' id='word_1_40' title='bbox 934 1749 1136 1832; x_wconf 73' lang='lat' dir='ltr'>posteriorem</span> <span class='ocrx_word' id='word_1_41' title='bbox 1157 1755 1264 1814; x_wconf 88' lang='lat' dir='ltr'><strong>autem</strong></span> <span class='ocrx_word' id='word_1_42' title='bbox 1286 1773 1359 1814; x_wconf 89' lang='lat' dir='ltr'><strong>oum</strong></span> <span class='ocrx_word' id='word_1_43' title='bbox 1377 1772 1449 1815; x_wconf 86' lang='lat' dir='ltr'><strong>ver-</strong></span> 
     </span>
    </p>
   </div>
   <div class='ocr_carea' id='block_1_3' title="bbox 493 1852 1449 2039">
    <p class='ocr_par' dir='ltr' id='par_1_3' title="bbox 493 1852 1449 2039">
     <span class='ocr_line' id='line_1_8' title="bbox 493 1852 1449 1937; baseline 0 -22"><span class='ocrx_word' id='word_1_44' title='bbox 493 1852 578 1916; x_wconf 87' lang='lat' dir='ltr'><strong>sione</strong></span> <span class='ocrx_word' id='word_1_45' title='bbox 593 1852 770 1929; x_wconf 88' lang='lat' dir='ltr'><strong>Vendelini,</strong></span> <span class='ocrx_word' id='word_1_46' title='bbox 785 1858 818 1916; x_wconf 93' lang='lat' dir='ltr'><strong>et</strong></span> <span class='ocrx_word' id='word_1_47' title='bbox 840 1852 978 1937; x_wconf 87' lang='lat' dir='ltr'><strong>ejusdem</strong></span> <span class='ocrx_word' id='word_1_48' title='bbox 999 1852 1038 1915; x_wconf 90' lang='lat' dir='ltr'><strong>de</strong></span> <span class='ocrx_word' id='word_1_49' title='bbox 1060 1853 1232 1917; x_wconf 89' lang='lat' dir='ltr'><strong>Clementis</strong></span> <span class='ocrx_word' id='word_1_50' title='bbox 1254 1859 1349 1937; x_wconf 88' lang='lat' dir='ltr'><strong>atque</strong></span> <span class='ocrx_word' id='word_1_51' title='bbox 1370 1853 1449 1936; x_wconf 88' lang='lat' dir='ltr'><strong>Epi·</strong></span> 
     </span>
     <span class='ocr_line' id='line_1_9' title="bbox 493 1954 1024 2039; baseline -0.002 -20"><span class='ocrx_word' id='word_1_52' title='bbox 493 1956 643 2019; x_wconf 85' lang='lat' dir='ltr'><strong>stolarum</strong></span> <span class='ocrx_word' id='word_1_53' title='bbox 657 1961 796 2039; x_wconf 87' lang='lat' dir='ltr'><strong>tempore</strong></span> <span class='ocrx_word' id='word_1_54' title='bbox 812 1954 1024 2018; x_wconf 78' lang='lat' dir='ltr'><strong>Divinatione.</strong></span> 
     </span>
    </p>
   </div>
   <div class='ocr_carea' id='block_1_4' title="bbox 413 2089 1449 2381">
    <p class='ocr_par' dir='ltr' id='par_1_4' title="bbox 413 2089 1449 2381">
     <span class='ocr_line' id='line_1_10' title="bbox 413 2089 728 2172; baseline 0 -21"><span class='ocrx_word' id='word_1_55' title='bbox 413 2091 502 2172; x_wconf 85' lang='lat'><strong>1672,</strong></span> <span class='ocrx_word' id='word_1_56' title='bbox 517 2090 660 2167; x_wconf 78' lang='lat' dir='ltr'><strong>Parisiis,</strong></span> <span class='ocrx_word' id='word_1_57' title='bbox 676 2089 728 2153; x_wconf 90' lang='lat' dir='ltr'><strong>fol.</strong></span> 
     </span>
     <span class='ocr_line' id='line_1_11' title="bbox 536 2190 1449 2268; baseline -0.003 -11"><span class='ocrx_word' id='word_1_58' title='bbox 536 2195 587 2257; x_wconf 90' lang='lat' dir='ltr'><strong>J0.</strong></span> <span class='ocrx_word' id='word_1_59' title='bbox 607 2194 702 2256; x_wconf 69' lang='lat' dir='ltr'><strong>Burs.</strong></span> <span class='ocrx_word' id='word_1_60' title='bbox 719 2192 929 2268; x_wconf 82' lang='lat' dir='ltr'><strong>Cornnamus,</strong></span> <span class='ocrx_word' id='word_1_61' title='bbox 949 2191 1115 2255; x_wconf 83' lang='lat' dir='ltr'><strong>Societatis</strong></span> <span class='ocrx_word' id='word_1_62' title='bbox 1138 2191 1325 2256; x_wconf 84' lang='lat' dir='ltr'><strong>Sorbonicae</strong></span> <span class='ocrx_word' id='word_1_63' title='bbox 1346 2190 1449 2254; x_wconf 75' lang='lat' dir='ltr'><strong>&#39;l&#39;heo-</strong></span> 
     </span>
     <span class='ocr_line' id='line_1_12' title="bbox 493 2294 1449 2381; baseline -0.004 -21"><span class='ocrx_word' id='word_1_64' title='bbox 493 2297 594 2381; x_wconf 84' lang='lat' dir='ltr'><strong>logus,</strong></span> <span class='ocrx_word' id='word_1_65' title='bbox 606 2297 640 2359; x_wconf 89' lang='lat' dir='ltr'><strong>in</strong></span> <span class='ocrx_word' id='word_1_66' title='bbox 654 2301 741 2360; x_wconf 92' lang='lat' dir='ltr'><strong>tomo</strong></span> <span class='ocrx_word' id='word_1_67' title='bbox 755 2295 857 2379; x_wconf 93' lang='lat' dir='ltr'><strong>priore</strong></span> <span class='ocrx_word' id='word_1_68' title='bbox 874 2294 931 2357; x_wconf 91' lang='grc'><strong>88.</strong></span> <span class='ocrx_word' id='word_1_69' title='bbox 942 2295 1073 2358; x_wconf 89' lang='lat' dir='ltr'><strong>Patrum</strong></span> <span class='ocrx_word' id='word_1_70' title='bbox 1088 2294 1142 2379; x_wconf 92' lang='lat' dir='ltr'><strong>qui</strong></span> <span class='ocrx_word' id='word_1_71' title='bbox 1156 2294 1349 2378; x_wconf 72' lang='lat' dir='ltr'><strong>temporibus</strong></span> <span class='ocrx_word' id='word_1_72' title='bbox 1360 2294 1449 2378; x_wconf 84' lang='lat' dir='ltr'><strong>Apo·</strong></span> 
     </span>
    </p>
   </div>
   <div class='ocr_carea' id='block_1_5' title="bbox 491 2396 1451 2791">
    <p class='ocr_par' dir='ltr' id='par_1_5' title="bbox 491 2396 1451 2791">
     <span class='ocr_line' id='line_1_13' title="bbox 493 2396 1451 2483; baseline -0.003 -19"><span class='ocrx_word' id='word_1_73' title='bbox 493 2399 609 2464; x_wconf 75' lang='lat' dir='ltr'><strong>stolicis</strong></span> <span class='ocrx_word' id='word_1_74' title='bbox 624 2399 805 2476; x_wconf 87' lang='lat' dir='ltr'><strong>floruemnt,</strong></span> <span class='ocrx_word' id='word_1_75' title='bbox 821 2404 945 2462; x_wconf 85' lang='lat' dir='ltr'><strong>textum</strong></span> <span class='ocrx_word' id='word_1_76' title='bbox 964 2397 1135 2462; x_wconf 89' lang='lat' dir='ltr'><strong>Clementis</strong></span> <span class='ocrx_word' id='word_1_77' title='bbox 1156 2397 1276 2483; x_wconf 89' lang='lat' dir='ltr'><strong>primus</strong></span> <span class='ocrx_word' id='word_1_78' title='bbox 1295 2397 1329 2460; x_wconf 93' lang='lat' dir='ltr'><strong>in</strong></span> <span class='ocrx_word' id='word_1_79' title='bbox 1345 2396 1451 2480; x_wconf 84' lang='lat' dir='ltr'><strong>capita</strong></span> 
     </span>
     <span class='ocr_line' id='line_1_14' title="bbox 492 2501 1451 2579; baseline -0.002 -13"><span class='ocrx_word' id='word_1_80' title='bbox 492 2503 557 2566; x_wconf 90' lang='lat' dir='ltr'><strong>sive</strong></span> <span class='ocrx_word' id='word_1_81' title='bbox 578 2503 729 2567; x_wconf 82' lang='lat' dir='ltr'><strong>sectiones</strong></span> <span class='ocrx_word' id='word_1_82' title='bbox 749 2502 898 2566; x_wconf 89' lang='lat' dir='ltr'><strong>instituto</strong></span> <span class='ocrx_word' id='word_1_83' title='bbox 917 2501 1085 2566; x_wconf 86' lang='lat' dir='ltr'><strong>utilissimo</strong></span> <span class='ocrx_word' id='word_1_84' title='bbox 1099 2501 1258 2579; x_wconf 85' lang='lat' dir='ltr'><strong>distinxit,</strong></span> <span class='ocrx_word' id='word_1_85' title='bbox 1273 2501 1451 2565; x_wconf 84' lang='lat' dir='ltr'><strong>versionem</strong></span> 
     </span>
     <span class='ocr_line' id='line_1_15' title="bbox 491 2603 1451 2690; baseline -0.003 -20"><span class='ocrx_word' id='word_1_86' title='bbox 491 2629 606 2670; x_wconf 89' lang='lat' dir='ltr'><strong>novam</strong></span> <span class='ocrx_word' id='word_1_87' title='bbox 635 2605 788 2683; x_wconf 85' lang='lat' dir='ltr'><strong>exhibuit,</strong></span> <span class='ocrx_word' id='word_1_88' title='bbox 814 2628 867 2690; x_wconf 92' lang='lat' dir='ltr'><strong>pp.</strong></span> <span class='ocrx_word' id='word_1_89' title='bbox 890 2621 1050 2690; x_wconf 82' lang='lat'><strong>91-125,</strong></span> <span class='ocrx_word' id='word_1_90' title='bbox 1074 2611 1225 2688; x_wconf 87' lang='lat' dir='ltr'><strong>notasque</strong></span> <span class='ocrx_word' id='word_1_91' title='bbox 1255 2603 1293 2668; x_wconf 90' lang='lat' dir='ltr'><strong>de</strong></span> <span class='ocrx_word' id='word_1_92' title='bbox 1322 2626 1378 2667; x_wconf 90' lang='lat' dir='ltr'><strong>suo</strong></span> <span class='ocrx_word' id='word_1_93' title='bbox 1408 2604 1451 2667; x_wconf 91' lang='lat' dir='ltr'><strong>ad</strong></span> 
     </span>
     <span class='ocr_line' id='line_1_16' title="bbox 491 2707 1175 2791; baseline -0.001 -20"><span class='ocrx_word' id='word_1_94' title='bbox 491 2709 606 2774; x_wconf 88' lang='lat' dir='ltr'><strong>calcem</strong></span> <span class='ocrx_word' id='word_1_95' title='bbox 621 2708 788 2772; x_wconf 89' lang='lat' dir='ltr'><strong>voluminis</strong></span> <span class='ocrx_word' id='word_1_96' title='bbox 802 2707 935 2784; x_wconf 89' lang='lat' dir='ltr'><strong>addidit,</strong></span> <span class='ocrx_word' id='word_1_97' title='bbox 950 2730 1003 2791; x_wconf 90' lang='lat' dir='ltr'><strong>pp.</strong></span> <span class='ocrx_word' id='word_1_98' title='bbox 1015 2708 1175 2774; x_wconf 80' lang='lat'><strong>81—112.</strong></span> 
     </span>
    </p>
   </div>
   <div class='ocr_carea' id='block_1_6' title="bbox 410 2852 1450 4047">
    <p class='ocr_par' dir='ltr' id='par_1_6' title="bbox 410 2852 921 2939">
     <span class='ocr_line' id='line_1_17' title="bbox 410 2852 921 2939; baseline -0.008 -22"><span class='ocrx_word' id='word_1_99' title='bbox 410 2854 502 2939; x_wconf 90' lang='lat'>1698,</span> <span class='ocrx_word' id='word_1_100' title='bbox 514 2855 702 2936; x_wconf 67' lang='lat' dir='ltr'><strong>antverpiae,</strong></span> <span class='ocrx_word' id='word_1_101' title='bbox 717 2853 771 2917; x_wconf 90' lang='lat' dir='ltr'><strong>fol.</strong></span> <span class='ocrx_word' id='word_1_102' title='bbox 787 2852 876 2916; x_wconf 82' lang='lat' dir='ltr'><strong>Tom.</strong></span> <span class='ocrx_word' id='word_1_103' title='bbox 888 2852 921 2914; x_wconf 89' lang='lat' dir='ltr'><strong>ii.</strong></span> 
     </span>
    </p>

    <p class='ocr_par' dir='ltr' id='par_1_7' title="bbox 491 2953 1450 3740">
     <span class='ocr_line' id='line_1_18' title="bbox 535 2953 1450 3033; baseline -0.002 -14"><span class='ocrx_word' id='word_1_104' title='bbox 535 2957 587 3019; x_wconf 89' lang='lat' dir='ltr'><strong>J0.</strong></span> <span class='ocrx_word' id='word_1_105' title='bbox 604 2957 762 3019; x_wconf 82' lang='lat' dir='ltr'><strong>Cuuurous</strong></span> <span class='ocrx_word' id='word_1_106' title='bbox 784 2954 987 3033; x_wconf 89' lang='lat' dir='ltr'><strong>Genevensis‚</strong></span> <span class='ocrx_word' id='word_1_107' title='bbox 1009 2955 1043 3018; x_wconf 91' lang='lat' dir='ltr'><strong>in</strong></span> <span class='ocrx_word' id='word_1_108' title='bbox 1065 2955 1142 3019; x_wconf 89' lang='lat' dir='ltr'><strong>urbe</strong></span> <span class='ocrx_word' id='word_1_109' title='bbox 1163 2953 1450 3019; x_wconf 88' lang='lat' dir='ltr'><strong>Amstelodamensi</strong></span> 
     </span>
     <span class='ocr_line' id='line_1_19' title="bbox 492 3057 1449 3143; baseline -0.001 -21"><span class='ocrx_word' id='word_1_110' title='bbox 492 3059 709 3143; x_wconf 85' lang='lat' dir='ltr'><strong>Philosophiae</strong></span> <span class='ocrx_word' id='word_1_111' title='bbox 731 3065 763 3123; x_wconf 91' lang='lat' dir='ltr'><strong>et</strong></span> <span class='ocrx_word' id='word_1_112' title='bbox 787 3058 845 3121; x_wconf 89' lang='grc'><strong>88.</strong></span> <span class='ocrx_word' id='word_1_113' title='bbox 863 3058 1040 3122; x_wconf 87' lang='lat' dir='ltr'><strong>Literarum</strong></span> <span class='ocrx_word' id='word_1_114' title='bbox 1057 3058 1140 3122; x_wconf 79' lang='lat' dir='ltr'><strong>intsr</strong></span> <span class='ocrx_word' id='word_1_115' title='bbox 1155 3057 1356 3122; x_wconf 82' lang='lat' dir='ltr'><strong>Arminianos</strong></span> <span class='ocrx_word' id='word_1_116' title='bbox 1371 3058 1449 3122; x_wconf 87' lang='lat' dir='ltr'><strong>Pru·</strong></span> 
     </span>
     <span class='ocr_line' id='line_1_20' title="bbox 492 3161 1449 3241; baseline 0 -16"><span class='ocrx_word' id='word_1_117' title='bbox 492 3164 599 3241; x_wconf 80' lang='lat' dir='ltr'><strong>sessor,</strong></span> <span class='ocrx_word' id='word_1_118' title='bbox 626 3162 794 3227; x_wconf 89' lang='lat' dir='ltr'><strong>sditionem</strong></span> <span class='ocrx_word' id='word_1_119' title='bbox 821 3162 1049 3226; x_wconf 89' lang='lat' dir='ltr'><strong>Cotelerianam</strong></span> <span class='ocrx_word' id='word_1_120' title='bbox 1078 3161 1285 3226; x_wconf 85' lang='lat' dir='ltr'><strong>recudendam</strong></span> <span class='ocrx_word' id='word_1_121' title='bbox 1315 3161 1449 3239; x_wconf 84' lang='lat' dir='ltr'><strong>curavit,</strong></span> 
     </span>
     <span class='ocr_line' id='line_1_21' title="bbox 493 3264 1448 3349; baseline -0.002 -19"><span class='ocrx_word' id='word_1_122' title='bbox 493 3265 622 3349; x_wconf 89' lang='lat' dir='ltr'><strong>adjectis</strong></span> <span class='ocrx_word' id='word_1_123' title='bbox 647 3264 745 3343; x_wconf 87' lang='lat' dir='ltr'><strong>Junii‚</strong></span> <span class='ocrx_word' id='word_1_124' title='bbox 769 3264 858 3342; x_wconf 81' lang='lat' dir='ltr'><strong>Felli,</strong></span> <span class='ocrx_word' id='word_1_125' title='bbox 880 3264 1059 3342; x_wconf 87' lang='lat' dir='ltr'><strong>Columesii,</strong></span> <span class='ocrx_word' id='word_1_126' title='bbox 1081 3264 1206 3349; x_wconf 90' lang='lat' dir='ltr'><strong>suisque</strong></span> <span class='ocrx_word' id='word_1_127' title='bbox 1229 3264 1333 3342; x_wconf 69' lang='lat' dir='ltr'><strong>notis,</strong></span> <span class='ocrx_word' id='word_1_128' title='bbox 1368 3287 1448 3329; x_wconf 93' lang='lat' dir='ltr'><strong>non-</strong></span> 
     </span>
     <span class='ocr_line' id='line_1_22' title="bbox 495 3366 1450 3452; baseline 0.001 -21"><span class='ocrx_word' id='word_1_129' title='bbox 495 3368 589 3432; x_wconf 93' lang='lat' dir='ltr'><strong>nullis</strong></span> <span class='ocrx_word' id='word_1_130' title='bbox 612 3389 733 3452; x_wconf 94' lang='lat' dir='ltr'><strong>quoque</strong></span> <span class='ocrx_word' id='word_1_131' title='bbox 756 3367 950 3451; x_wconf 90' lang='lat' dir='ltr'><strong>interspersis</strong></span> <span class='ocrx_word' id='word_1_132' title='bbox 974 3390 1052 3451; x_wconf 85' lang='lat' dir='ltr'><strong>quae</strong></span> <span class='ocrx_word' id='word_1_133' title='bbox 1075 3366 1223 3431; x_wconf 87' lang='lat' dir='ltr'><strong>editionis</strong></span> <span class='ocrx_word' id='word_1_134' title='bbox 1244 3367 1355 3451; x_wconf 90' lang='lat' dir='ltr'><strong>prioris</strong></span> <span class='ocrx_word' id='word_1_135' title='bbox 1377 3390 1450 3432; x_wconf 86' lang='lat' dir='ltr'><strong>orae</strong></span> 
     </span>
     <span class='ocr_line' id='line_1_23' title="bbox 495 3468 1449 3548; baseline 0.001 -15"><span class='ocrx_word' id='word_1_136' title='bbox 495 3492 588 3533; x_wconf 88' lang='lat' dir='ltr'><strong>manu</strong></span> <span class='ocrx_word' id='word_1_137' title='bbox 611 3468 768 3532; x_wconf 86' lang='lat' dir='ltr'><strong>adleverat</strong></span> <span class='ocrx_word' id='word_1_138' title='bbox 789 3469 953 3533; x_wconf 86' lang='lat' dir='ltr'><strong>Edrardus</strong></span> <span class='ocrx_word' id='word_1_139' title='bbox 976 3470 1126 3548; x_wconf 88' lang='lat' dir='ltr'><strong>Bemard,</strong></span> <span class='ocrx_word' id='word_1_140' title='bbox 1148 3470 1181 3533; x_wconf 85' lang='lat' dir='ltr'><strong>S.</strong></span> <span class='ocrx_word' id='word_1_141' title='bbox 1191 3471 1227 3533; x_wconf 82' lang='grc' dir='ltr'><strong>Τ.</strong></span> <span class='ocrx_word' id='word_1_142' title='bbox 1238 3470 1274 3533; x_wconf 93' lang='grc' dir='ltr'><strong>Ρ.</strong></span> <span class='ocrx_word' id='word_1_143' title='bbox 1293 3471 1449 3534; x_wconf 90' lang='lat' dir='ltr'><strong>Astrono-</strong></span> 
     </span>
     <span class='ocr_line' id='line_1_24' title="bbox 493 3571 1449 3656; baseline -0.002 -20"><span class='ocrx_word' id='word_1_144' title='bbox 493 3573 572 3636; x_wconf 84' lang='lat' dir='ltr'><strong>miae</strong></span> <span class='ocrx_word' id='word_1_145' title='bbox 601 3571 685 3656; x_wconf 92' lang='lat' dir='ltr'><strong>apud</strong></span> <span class='ocrx_word' id='word_1_146' title='bbox 714 3571 906 3636; x_wconf 86' lang='lat' dir='ltr'><strong>Oxonienses</strong></span> <span class='ocrx_word' id='word_1_147' title='bbox 936 3573 1111 3637; x_wconf 89' lang='lat' dir='ltr'><strong>Praelector</strong></span> <span class='ocrx_word' id='word_1_148' title='bbox 1141 3573 1329 3650; x_wconf 74' lang='lat' dir='ltr'><strong>Sardianus,</strong></span> <span class='ocrx_word' id='word_1_149' title='bbox 1359 3572 1449 3656; x_wconf 89' lang='lat' dir='ltr'><strong>cujus</strong></span> 
     </span>
     <span class='ocr_line' id='line_1_25' title="bbox 491 3675 935 3740; baseline 0.002 -2"><span class='ocrx_word' id='word_1_150' title='bbox 491 3698 606 3740; x_wconf 91' lang='lat' dir='ltr'><strong>nomen</strong></span> <span class='ocrx_word' id='word_1_151' title='bbox 620 3675 771 3739; x_wconf 79' lang='lat' dir='ltr'><strong>reticebat</strong></span> <span class='ocrx_word' id='word_1_152' title='bbox 787 3675 935 3740; x_wconf 89' lang='lat' dir='ltr'><strong>Clericus.</strong></span> 
     </span>
    </p>

    <p class='ocr_par' dir='ltr' id='par_1_8' title="bbox 491 3777 1449 4047">
     <span class='ocr_line' id='line_1_26' title="bbox 534 3777 1449 3862; baseline -0.001 -20"><span class='ocrx_word' id='word_1_153' title='bbox 534 3778 734 3842; x_wconf 81' lang='lat' dir='ltr'><strong>Testimoniis</strong></span> <span class='ocrx_word' id='word_1_154' title='bbox 751 3778 904 3842; x_wconf 89' lang='lat' dir='ltr'><strong>Veterum</strong></span> <span class='ocrx_word' id='word_1_155' title='bbox 926 3802 945 3841; x_wconf 90' lang='lat' dir='ltr'><strong>a</strong></span> <span class='ocrx_word' id='word_1_156' title='bbox 966 3778 1120 3843; x_wconf 84' lang='lat' dir='ltr'><strong>Cotelerio</strong></span> <span class='ocrx_word' id='word_1_157' title='bbox 1141 3778 1270 3862; x_wconf 87' lang='lat' dir='ltr'><strong>prolatis</strong></span> <span class='ocrx_word' id='word_1_158' title='bbox 1292 3777 1449 3862; x_wconf 76' lang='lat' dir='ltr'><strong>subjectae</strong></span> 
     </span>
     <span class='ocr_line' id='line_1_27' title="bbox 491 3879 1449 3966; baseline 0 -22"><span class='ocrx_word' id='word_1_159' title='bbox 491 3889 566 3945; x_wconf 90' lang='lat' dir='ltr'><strong>sunt</strong></span> <span class='ocrx_word' id='word_1_160' title='bbox 580 3881 738 3966; x_wconf 83' lang='lat' dir='ltr'><strong>Epistulae</strong></span> <span class='ocrx_word' id='word_1_161' title='bbox 753 3882 826 3944; x_wconf 90' lang='lat' dir='ltr'><strong>VV.</strong></span> <span class='ocrx_word' id='word_1_162' title='bbox 839 3881 911 3944; x_wconf 92' lang='lat' dir='ltr'><strong>DD.</strong></span> <span class='ocrx_word' id='word_1_163' title='bbox 928 3904 945 3944; x_wconf 92' lang='lat' dir='ltr'><strong>e</strong></span> <span class='ocrx_word' id='word_1_164' title='bbox 960 3881 1084 3946; x_wconf 88' lang='lat' dir='ltr'><strong>Maderi</strong></span> <span class='ocrx_word' id='word_1_165' title='bbox 1104 3881 1194 3959; x_wconf 92' lang='lat' dir='ltr'><strong>libro,</strong></span> <span class='ocrx_word' id='word_1_166' title='bbox 1210 3903 1330 3945; x_wconf 87' lang='lat' dir='ltr'><strong>necnon</strong></span> <span class='ocrx_word' id='word_1_167' title='bbox 1349 3879 1449 3966; x_wconf 88' lang='lat' dir='ltr'><strong>ipsius</strong></span> 
     </span>
     <span class='ocr_line' id='line_1_28' title="bbox 492 3984 795 4047; baseline -0.007 0"><span class='ocrx_word' id='word_1_168' title='bbox 492 3984 615 4047; x_wconf 89' lang='lat' dir='ltr'><strong>Maderi</strong></span> <span class='ocrx_word' id='word_1_169' title='bbox 630 3984 795 4047; x_wconf 90' lang='lat' dir='ltr'><strong>Praefatio.</strong></span> 
     </span>
    </p>
   </div>
   <div class='ocr_carea' id='block_1_7' title="bbox 410 4123 1449 5234">
    <p class='ocr_par' dir='ltr' id='par_1_9' title="bbox 410 4123 970 4206">
     <span class='ocr_line' id='line_1_29' title="bbox 410 4123 970 4206; baseline -0.002 -19"><span class='ocrx_word' id='word_1_170' title='bbox 410 4139 501 4206; x_wconf 82' lang='lat'><strong>1724,</strong></span> <span class='ocrx_word' id='word_1_171' title='bbox 514 4124 751 4201; x_wconf 71' lang='lat' dir='ltr'><strong>Acuteluedaroi,</strong></span> <span class='ocrx_word' id='word_1_172' title='bbox 767 4123 821 4187; x_wconf 88' lang='lat' dir='ltr'><strong>fol.</strong></span> <span class='ocrx_word' id='word_1_173' title='bbox 837 4124 925 4187; x_wconf 76' lang='lat' dir='ltr'><strong>Tom.</strong></span> <span class='ocrx_word' id='word_1_174' title='bbox 938 4124 970 4187; x_wconf 88' lang='lat' dir='ltr'><strong>ii.</strong></span> 
     </span>
    </p>

    <p class='ocr_par' dir='ltr' id='par_1_10' title="bbox 534 4226 1020 4290">
     <span class='ocr_line' id='line_1_30' title="bbox 534 4226 1020 4290; baseline -0.002 0"><span class='ocrx_word' id='word_1_175' title='bbox 534 4226 715 4290; x_wconf 88' lang='lat' dir='ltr'><strong>Editionem</strong></span> <span class='ocrx_word' id='word_1_176' title='bbox 730 4226 858 4290; x_wconf 83' lang='lat' dir='ltr'><strong>iteravit</strong></span> <span class='ocrx_word' id='word_1_177' title='bbox 872 4226 1020 4290; x_wconf 88' lang='lat' dir='ltr'><strong>Clericus.</strong></span> 
     </span>
    </p>

    <p class='ocr_par' dir='ltr' id='par_1_11' title="bbox 491 4327 1449 5234">
     <span class='ocr_line' id='line_1_31' title="bbox 535 4327 1447 4413; baseline -0.004 -20"><span class='ocrx_word' id='word_1_178' title='bbox 535 4329 677 4394; x_wconf 87' lang='lat' dir='ltr'><strong>Russelio</strong></span> <span class='ocrx_word' id='word_1_179' title='bbox 692 4337 725 4393; x_wconf 94' lang='lat' dir='ltr'><strong>et</strong></span> <span class='ocrx_word' id='word_1_180' title='bbox 740 4328 908 4392; x_wconf 88' lang='lat' dir='ltr'><strong>Gallandio</strong></span> <span class='ocrx_word' id='word_1_181' title='bbox 923 4329 1038 4392; x_wconf 92' lang='lat' dir='ltr'><strong>mirum</strong></span> <span class='ocrx_word' id='word_1_182' title='bbox 1051 4330 1122 4413; x_wconf 90' lang='lat' dir='ltr'><strong>jure</strong></span> <span class='ocrx_word' id='word_1_183' title='bbox 1136 4328 1305 4393; x_wconf 90' lang='lat' dir='ltr'><strong>videbatur</strong></span> <span class='ocrx_word' id='word_1_184' title='bbox 1324 4350 1364 4392; x_wconf 92' lang='lat' dir='ltr'><strong>ne</strong></span> <span class='ocrx_word' id='word_1_185' title='bbox 1387 4327 1447 4390; x_wconf 89' lang='lat' dir='ltr'><strong>mi·</strong></span> 
     </span>
     <span class='ocr_line' id='line_1_32' title="bbox 491 4430 1446 4517; baseline -0.001 -21"><span class='ocrx_word' id='word_1_186' title='bbox 491 4433 609 4496; x_wconf 88' lang='lat' dir='ltr'><strong>nimam</strong></span> <span class='ocrx_word' id='word_1_187' title='bbox 625 4433 750 4517; x_wconf 89' lang='lat' dir='ltr'><strong>quidem</strong></span> <span class='ocrx_word' id='word_1_188' title='bbox 765 4432 958 4496; x_wconf 89' lang='lat' dir='ltr'><strong>mentionem</strong></span> <span class='ocrx_word' id='word_1_189' title='bbox 973 4455 991 4495; x_wconf 89' lang='lat' dir='ltr'><strong>a</strong></span> <span class='ocrx_word' id='word_1_190' title='bbox 1006 4431 1127 4496; x_wconf 88' lang='lat' dir='ltr'><strong>Clerieo</strong></span> <span class='ocrx_word' id='word_1_191' title='bbox 1142 4433 1257 4495; x_wconf 85' lang='lat' dir='ltr'><strong>factam</strong></span> <span class='ocrx_word' id='word_1_192' title='bbox 1271 4431 1367 4495; x_wconf 87' lang='lat' dir='ltr'><strong>fuisse</strong></span> <span class='ocrx_word' id='word_1_193' title='bbox 1382 4430 1446 4495; x_wconf 85' lang='lat' dir='ltr'><strong>edi·</strong></span> 
     </span>
     <span class='ocr_line' id='line_1_33' title="bbox 492 4534 1449 4618; baseline -0.001 -20"><span class='ocrx_word' id='word_1_194' title='bbox 492 4536 587 4599; x_wconf 89' lang='lat' dir='ltr'><strong>tionis</strong></span> <span class='ocrx_word' id='word_1_195' title='bbox 603 4535 839 4613; x_wconf 90' lang='lat' dir='ltr'><strong>Wottonianae,</strong></span> <span class='ocrx_word' id='word_1_196' title='bbox 854 4557 949 4618; x_wconf 85' lang='lat' dir='ltr'><strong>quam</strong></span> <span class='ocrx_word' id='word_1_197' title='bbox 968 4534 1007 4598; x_wconf 88' lang='lat' dir='ltr'><strong>ad</strong></span> <span class='ocrx_word' id='word_1_198' title='bbox 1027 4557 1158 4598; x_wconf 87' lang='lat' dir='ltr'><strong>manum</strong></span> <span class='ocrx_word' id='word_1_199' title='bbox 1179 4534 1324 4598; x_wconf 89' lang='lat' dir='ltr'><strong>habuisse</strong></span> <span class='ocrx_word' id='word_1_200' title='bbox 1339 4534 1389 4598; x_wconf 88' lang='lat' dir='ltr'><strong>vel</strong></span> <span class='ocrx_word' id='word_1_201' title='bbox 1409 4557 1449 4598; x_wconf 87' lang='lat' dir='ltr'><strong>ex</strong></span> 
     </span>
     <span class='ocr_line' id='line_1_34' title="bbox 493 4637 1448 4721; baseline -0.001 -21"><span class='ocrx_word' id='word_1_202' title='bbox 493 4661 528 4701; x_wconf 94' lang='lat' dir='ltr'><strong>eo</strong></span> <span class='ocrx_word' id='word_1_203' title='bbox 544 4643 676 4716; x_wconf 84' lang='lat' dir='ltr'><strong>constat,</strong></span> <span class='ocrx_word' id='word_1_204' title='bbox 693 4638 775 4721; x_wconf 91' lang='lat' dir='ltr'><strong>quod</strong></span> <span class='ocrx_word' id='word_1_205' title='bbox 791 4637 965 4702; x_wconf 87' lang='lat' dir='ltr'><strong>selectiores</strong></span> <span class='ocrx_word' id='word_1_206' title='bbox 981 4637 1079 4701; x_wconf 88' lang='lat' dir='ltr'><strong>Boisii</strong></span> <span class='ocrx_word' id='word_1_207' title='bbox 1093 4638 1309 4702; x_wconf 83' lang='lat' dir='ltr'><strong>adnotationes</strong></span> <span class='ocrx_word' id='word_1_208' title='bbox 1324 4659 1344 4699; x_wconf 93' lang='lat' dir='ltr'><strong>a</strong></span> <span class='ocrx_word' id='word_1_209' title='bbox 1354 4637 1448 4701; x_wconf 91' lang='lat' dir='ltr'><strong>Wot-</strong></span> 
     </span>
     <span class='ocr_line' id='line_1_35' title="bbox 493 4739 1448 4825; baseline 0 -22"><span class='ocrx_word' id='word_1_210' title='bbox 493 4747 569 4805; x_wconf 91' lang='lat' dir='ltr'><strong>tonc</strong></span> <span class='ocrx_word' id='word_1_211' title='bbox 590 4742 727 4825; x_wconf 91' lang='lat' dir='ltr'><strong>primum</strong></span> <span class='ocrx_word' id='word_1_212' title='bbox 749 4742 848 4805; x_wconf 87' lang='lat' dir='ltr'><strong>editas</strong></span> <span class='ocrx_word' id='word_1_213' title='bbox 874 4740 908 4802; x_wconf 92' lang='lat' dir='ltr'><strong>in</strong></span> <span class='ocrx_word' id='word_1_214' title='bbox 932 4741 1013 4803; x_wconf 91' lang='lat' dir='ltr'><strong>hanc</strong></span> <span class='ocrx_word' id='word_1_215' title='bbox 1035 4739 1358 4805; x_wconf 81' lang='lat' dir='ltr'><strong>Amstelodamensem</strong></span> <span class='ocrx_word' id='word_1_216' title='bbox 1383 4740 1448 4803; x_wconf 89' lang='lat' dir='ltr'><strong>edi-</strong></span> 
     </span>
     <span class='ocr_line' id='line_1_36' title="bbox 494 4842 1449 4927; baseline 0 -20"><span class='ocrx_word' id='word_1_217' title='bbox 494 4845 612 4907; x_wconf 88' lang='lat' dir='ltr'><strong>tionem</strong></span> <span class='ocrx_word' id='word_1_218' title='bbox 628 4844 833 4909; x_wconf 86' lang='lat' dir='ltr'><strong>transtulerit.</strong></span> <span class='ocrx_word' id='word_1_219' title='bbox 880 4844 990 4926; x_wconf 91' lang='lat' dir='ltr'><strong>Neque</strong></span> <span class='ocrx_word' id='word_1_220' title='bbox 1010 4843 1111 4927; x_wconf 86' lang='lat' dir='ltr'><strong>igitur</strong></span> <span class='ocrx_word' id='word_1_221' title='bbox 1127 4844 1294 4927; x_wconf 81' lang='lat' dir='ltr'><strong>ignorabat</strong></span> <span class='ocrx_word' id='word_1_222' title='bbox 1309 4842 1449 4907; x_wconf 87' lang='lat' dir='ltr'><strong>Clericus</strong></span> 
     </span>
     <span class='ocr_line' id='line_1_37' title="bbox 495 4945 1449 5022; baseline -0.001 -13"><span class='ocrx_word' id='word_1_223' title='bbox 495 4947 683 5010; x_wconf 90' lang='lat' dir='ltr'><strong>Wottonum</strong></span> <span class='ocrx_word' id='word_1_224' title='bbox 712 4947 830 5010; x_wconf 87' lang='lat' dir='ltr'><strong>notulis</strong></span> <span class='ocrx_word' id='word_1_225' title='bbox 860 4946 1023 5022; x_wconf 88' lang='lat' dir='ltr'><strong>Bemardi,</strong></span> <span class='ocrx_word' id='word_1_226' title='bbox 1053 4946 1221 5010; x_wconf 89' lang='lat' dir='ltr'><strong>inciviliter</strong></span> <span class='ocrx_word' id='word_1_227' title='bbox 1250 4945 1381 5008; x_wconf 88' lang='lat' dir='ltr'><strong>forsitan</strong></span> <span class='ocrx_word' id='word_1_228' title='bbox 1416 4952 1449 5010; x_wconf 89' lang='lat' dir='ltr'><strong>et</strong></span> 
     </span>
     <span class='ocr_line' id='line_1_38' title="bbox 494 5047 1448 5134; baseline 0.001 -23"><span class='ocrx_word' id='word_1_229' title='bbox 494 5050 629 5132; x_wconf 88' lang='lat' dir='ltr'><strong>iniquius</strong></span> <span class='ocrx_word' id='word_1_230' title='bbox 644 5051 747 5134; x_wconf 87' lang='lat' dir='ltr'><strong>aliqua</strong></span> <span class='ocrx_word' id='word_1_231' title='bbox 762 5074 798 5113; x_wconf 88' lang='lat' dir='ltr'><strong>ex</strong></span> <span class='ocrx_word' id='word_1_232' title='bbox 815 5057 903 5133; x_wconf 88' lang='lat' dir='ltr'><strong>parte</strong></span> <span class='ocrx_word' id='word_1_233' title='bbox 921 5048 1049 5125; x_wconf 86' lang='lat' dir='ltr'><strong>habitis,</strong></span> <span class='ocrx_word' id='word_1_234' title='bbox 1065 5047 1267 5132; x_wconf 88' lang='lat' dir='ltr'><strong>respondisse,</strong></span> <span class='ocrx_word' id='word_1_235' title='bbox 1283 5047 1448 5132; x_wconf 85' lang='lat' dir='ltr'><strong>ipsumque</strong></span> 
     </span>
     <span class='ocr_line' id='line_1_39' title="bbox 495 5150 1313 5234; baseline 0 -19"><span class='ocrx_word' id='word_1_236' title='bbox 495 5151 650 5215; x_wconf 89' lang='lat' dir='ltr'><strong>Clericum</strong></span> <span class='ocrx_word' id='word_1_237' title='bbox 666 5151 848 5215; x_wconf 89' lang='lat' dir='ltr'><strong>idemtidem</strong></span> <span class='ocrx_word' id='word_1_238' title='bbox 864 5150 946 5214; x_wconf 86' lang='lat' dir='ltr'><strong>haud</strong></span> <span class='ocrx_word' id='word_1_239' title='bbox 962 5151 1119 5214; x_wconf 88' lang='lat' dir='ltr'><strong>immerito</strong></span> <span class='ocrx_word' id='word_1_240' title='bbox 1134 5150 1313 5234; x_wconf 76' lang='lat' dir='ltr'><strong>castigasse.</strong></span> 
     </span>
    </p>
   </div>
   <div class='ocr_carea' id='block_1_8' title="bbox 0 0 1630 6613">
    <p class='ocr_par' dir='ltr' id='par_1_12' title="bbox 0 0 1630 6613">
     <span class='ocr_line' id='line_1_40' title="bbox 0 0 1630 6613; baseline 0 0"><span class='ocrx_word' id='word_1_241' title='bbox 0 0 1630 6613; x_wconf 95' lang='lat' dir='ltr'><strong> </strong></span> 
     </span>
    </p>
   </div>
  </div>
 </body>
</html>
