3250 6617
406 1056 481 1120 xxvi
664 1057 990 1120 RECENTIORUM
1016 1055 1201 1118 JUDICIA

410 1228 546 1292 Joa-nnes
576 1228 669 1292 etiam
699 1230 869 1313 Episcopus
901 1229 1063 1306 RoffensiS,
1094 1226 1213 1290 Libello
1243 1223 1292 1287 cui
1321 1221 1452 1297 titulus,

409 1333 519 1395 Petrus
539 1333 612 1417 snit
639 1333 759 1410 Marce,
788 1333 871 1396 inter
899 1332 1015 1415 primos
1043 1332 1099 1394 has
1132 1329 1288 1413 Epistolas
1321 1324 1449 1390 citavit.

411 1434 592 1498 Quinetiam
616 1436 751 1499 Joannes
774 1435 901 1512 Driedo,
924 1435 1049 1499 celebris
1073 1458 1109 1497 ea
1133 1440 1235 1497 aetate
1256 1429 1449 1513 Theologus‚

409 1536 487 1600 libro
510 1538 558 1602 De
580 1537 791 1621 Dogmatibus
813 1538 1035 1602 Ecclesiasticis
1057 1544 1088 1601 ct
1111 1534 1317 1620 Apocryphis‚
1333 1555 1447 1616 quam-

409 1642 542 1725 plurima
564 1642 721 1705 Romanae
743 1643 897 1706 Ecclesiae
919 1642 1078 1725 dogmata,
1100 1642 1196 1723 longa
1216 1637 1446 1702 sententiarum

410 1744 486 1807 serie
509 1767 547 1807 ex
570 1744 718 1828 Epistolis
743 1745 862 1829 Ignatii
886 1745 994 1828 petita,
1019 1744 1199 1807 confirmare
1224 1741 1347 1803 nititur.
1399 1739 1446 1801 Et

326 1877 332 1889 ·
410 1846 569 1911 Martinus
597 1847 735 1911 Peresius
763 1848 892 1932 Ayalaffi
918 1847 1049 1930 scriptor
1075 1846 1157 1908 inter
1177 1841 1356 1907 Pontificios
1380 1863 1447 1904 non

409 1950 566 2034 ignobilis,
587 1951 659 2014 inde
678 1951 859 2015 testimonia
880 1951 1057 2034 saepissime
1078 1949 1239 2024 adhibuit;
1263 1953 1295 2011 et
1314 1946 1354 2009 ad
1369 1967 1447 2008 con-

408 2054 575 2117 firmandas
601 2054 794 2118 Traditioncs
824 2076 886 2119 non
915 2054 1045 2136 scriptas
1071 2073 1177 2117 omnes
1203 2051 1259 2112 has
1285 2047 1447 2132 Epistolas

408 2157 579 2220 defloravit.
624 2157 734 2240 Neque
748 2179 934 2241 quemquam
954 2155 1037 2233 novi,
1053 2154 1106 2238 qui
1126 2176 1161 2216 ea
1180 2159 1282 2217 aetate
1302 2151 1340 2215 de
1355 2150 1447 2213 Duo-

408 2259 508 2323 decim
523 2260 702 2343 praesertim
719 2259 868 2343 Epistolis
883 2259 1049 2323 dubitavit.

269 2403 275 2415 ·
382 2403 388 2414 ·
452 2362 528 2425 Post
548 2368 654 2425 autem
675 2362 840 2446 sexaginta
860 2385 968 2439 annos,
988 2361 1128 2423 Andreas
1146 2359 1313 2433 Gesnerus,
1335 2355 1362 2418 si
1384 2355 1449 2439 ipsi

408 2464 595 2528 credendum
617 2465 668 2542 sit,
689 2466 845 2549 Epistolas
860 2464 1032 2528 Duodecim
1049 2464 1175 2540 Graece,
1196 2462 1365 2544 interprete
1387 2459 1446 2521 Jo-

407 2591 486 2631 anue
507 2568 678 2647 Bruunero,
700 2569 819 2652 primus
841 2568 981 2632 omnium
1001 2567 1109 2644 edidit,
1125 2569 1164 2629 Α.
1178 2566 1219 2628 Ι).
1236 2562 1345 2649 15591.
1392 2562 1449 2625 Ita

407 2671 489 2733 enim
512 2671 545 2733 iu
566 2672 758 2736 Praelatione
780 2673 937 2756 loquitur:
961 2681 981 2709 “
995 2671 1157 2755 Ignatium
1177 2693 1249 2733 vero
1272 2690 1368 2753 quum
1390 2665 1447 2730 ille

409 2782 429 2811 “
450 2774 617 2855 (Hernicus
643 2775 728 2838 Petri
758 2776 885 2858 scilicet)
921 2775 1034 2838 Latine
1063 2781 1189 2837 tautum
1215 2770 1355 2846 ediderit,
1382 2791 1446 2852 ego

409 2885 430 2913 “
447 2877 600 2940 Graecum
615 2878 771 2961 exemplar
787 2879 859 2940 MS.
876 2884 986 2941 nactus
1003 2900 1040 2940 ex
1057 2875 1253 2939 Bibliotheca
1268 2874 1306 2937 cl.
1318 2873 1358 2935 V.
1374 2871 1448 2955 piae

409 2988 430 3016 “
446 2979 609 3043 memoriae
621 2980 661 3042 D.
676 2980 806 3064 Gaspari
822 2981 1037 3065 aNydpryck,
1047 2977 1223 3043 existimavi
1238 2999 1336 3060 neque
1352 2975 1447 3038 Hen-

409 3090 428 3118 “
445 3081 507 3145 rico
530 3082 615 3144 Petri
639 3083 815 3159 molestum,
838 3083 983 3145 studiosis
1008 3091 1112 3146 autem
1138 3081 1291 3165 plerisque
1313 3084 1446 3160 gratum

409 3193 429 3221 “
446 3185 519 3261 fore,
542 3185 568 3248 si
589 3208 624 3248 ea
644 3207 721 3268 quae
743 3186 893 3248 hactenus
913 3185 1025 3247 Latine
1044 3193 1169 3247 tantum
1185 3181 1446 3247 circumfereban-

409 3295 429 3323 “
444 3293 507 3364 tur,
524 3287 639 3350 Graece
662 3287 754 3350 simul
776 3293 808 3351 et
831 3287 943 3350 Latine
964 3311 983 3350 a
1005 3310 1054 3349 me
1074 3287 1204 3349 luissent
1219 3284 1335 3348 edita.''
1381 3283 1446 3346 Sed

409 3389 554 3474 quicquid
576 3391 689 3455 dixerit
715 3392 882 3467 Gesnenss,
902 3398 976 3453 ante
999 3413 1069 3452 eum
1090 3390 1122 3452 S.
1140 3388 1303 3473 Ignatium
1324 3386 1446 3449 Graece

409 3511 445 3553 cx
467 3494 670 3576 Augustanae
691 3494 903 3556 Bibliothecae
925 3493 1091 3576 exemplari
1106 3492 1292 3555 Valentinus
1308 3491 1446 3553 Pacaeus

409 3594 629 3677 publicaverat,
646 3600 686 3658 A.
699 3596 739 3658 D.
757 3612 836 3680 1557
844 3605 865 3673 ⁰,
881 3619 973 3680 quem
993 3595 1128 3679 primum
1143 3595 1177 3657 in
1196 3594 1297 3657 lucem
1312 3615 1362 3655 eas
1377 3590 1446 3654 edi-

410 3697 489 3761 disse
517 3704 650 3761 testatur
677 3699 850 3777 Morellius,
877 3699 929 3784 qui
956 3700 1077 3762 easdem
1104 3697 1228 3760 Parisiis
1254 3694 1446 3760 retrudendas

409 3801 529 3863 curavit
544 3803 583 3863 Α.
598 3801 637 3863 D.
655 3801 758 3885 15581.
804 3804 944 3885 Eamque
965 3825 983 3863 a
1003 3801 1118 3863 Pacaeo
1141 3806 1335 3882 procuratam
1357 3798 1447 3880 prin-

441 4018 450 4039 *
468 4012 604 4075 Episcopus
619 4014 782 4074 Segobiensis,
796 4014 885 4062 deinde
896 4013 1012 4076 Archiep.
1025 4012 1177 4072 Valentinus,
1191 4012 1234 4076 qui
1251 4010 1364 4060 interluit
1380 4010 1447 4058 Con·

410 4094 465 4142 cilio
477 4094 630 4148 Tridentino.
643 4095 674 4143 ab
686 4111 752 4143 anno
766 4109 835 4157 1551,
848 4096 868 4143 si
880 4095 967 4158 Sarpio
978 4094 1045 4143 fides.
1081 4095 1186 4159 Hispani
1198 4101 1282 4143 autem
1299 4094 1370 4141 aiunt
1386 4106 1446 4140 eum

410 4176 519 4224 Concilio
537 4176 643 4224 adfuisse
660 4177 686 4224 in
702 4178 774 4225 annis
794 4179 864 4238 1546,
880 4192 901 4238 7.
917 4183 943 4224 et
959 4177 1081 4240 Capitulis
1097 4178 1127 4225 de
1141 4178 1326 4226 Justificatione
1342 4190 1447 4239 operam

409 4261 548 4310 contulisse.
585 4262 702 4310 Mortuus
713 4266 751 4310 est
762 4279 783 4310 a.
798 4261 865 4324 1566.
889 4262 1065 4311 CHURTON.

436 4343 450 4380 (Ι
461 4344 580 4407 'ligurina
590 4344 695 4409 [Fditio]
706 4360 770 4392 anno
785 4343 856 4405 1560,
867 4360 898 4392 ex
911 4344 966 4393 MS.
980 4344 1069 4393 Codice
1079 4346 1195 4408 Caepario
1206 4362 1221 4393 a
1233 4345 1379 4408 Nydpruck,
1393 4360 1447 4392 una

409 4443 466 4475 cum
476 4427 599 4475 Johannia
611 4426 733 4475 Bruuneri
745 4427 863 4483 versione,
878 4426 916 4475 vel
928 4427 1009 4490 potius
1020 4429 1169 4492 paraphrasi,
1183 4430 1227 4478 hc.
1245 4427 1362 4477 USSER.

442 4517 454 4545 θ
471 4509 687 4573 Dilingaua1557.
723 4509 797 4557 Hanc
813 4509 902 4572 reliqui
919 4510 995 4558 secuti
1013 4517 1071 4559 sunt
1089 4511 1218 4560 Fditores:
1236 4527 1285 4559 uon
1301 4527 1332 4558 ex
1347 4510 1446 4557 Graeco

410 4591 493 4655 aliquo
505 4592 595 4640 Codice
610 4592 667 4648 alio,
680 4591 722 4640 scd
736 4590 827 4654 partim
839 4607 869 4639 ex
881 4592 988 4655 ingenio,
1001 4591 1090 4653 partim
1102 4608 1133 4640 ex
1145 4598 1229 4640 vetere
1240 4591 1342 4654 vulgato
1354 4590 1447 4637 Latino

410 4672 559 4736 lnterprete,
571 4690 620 4721 non
632 4675 717 4738 paucis
729 4674 753 4721 in
767 4673 827 4721 locis
838 4674 941 4722 eandem
955 4673 1112 4735 corrigentes.
1131 4674 1249 4723 USSER.

443 4756 451 4787 f
468 4754 500 4801 Et
515 4753 582 4814 1561,
596 4755 686 4803 additis
703 4761 757 4802 tum
771 4754 881 4815 Notulis,
895 4755 926 4802 de
937 4755 967 4802 iis
978 4770 1041 4818 quae
1053 4755 1098 4817 ipsi
1110 4755 1230 4802 mutanda
1241 4755 1292 4801 visa
1308 4760 1374 4812 sunt,
1387 4759 1444 4801 tum

411 4836 528 4883 versione
547 4836 646 4895 Latina,
666 4853 730 4900 quae
750 4843 776 4883 et
793 4836 893 4883 Parisiis
910 4851 977 4883 suno
997 4833 1065 4896 1561,
1082 4836 1198 4898 impressa
1215 4836 1312 4898 prodiit.
1348 4836 1446 4884 Iterum

411 4934 469 4965 vero
480 4934 495 4965 a
506 4917 682 4981 Christophoro
695 4918 821 4974 Plautino,
835 4916 989 4979 Antuerpiae
1001 4932 1066 4964 anno
1082 4916 1142 4976 1566
1153 4923 1180 4964 et
1195 4930 1261 4977 1572,
1275 4918 1382 4968 seorsim.
1394 4921 1420 4965 et
1431 4934 1449 4965 a

409 5001 469 5048 doh.
481 5000 576 5048 Jacobo
592 5001 715 5063 Grynaeo,
735 4997 923 5062 Basileae1569
939 5000 964 5045 111
982 4999 1181 5047 orthodoxorum
1199 5000 1328 5057 volmuine,
1349 5002 1451 5062 Augus·

412 5090 485 5131 tanus
505 5083 546 5130 ille
567 5084 690 5146 Ignatius‚
711 5099 740 5129 eo
759 5098 808 5145 quo
826 5081 934 5128 diximus
952 5082 1025 5129 modo
1042 5086 1173 5137 correctus,
1193 5096 1292 5129 recusus
1310 5088 1362 5130 est:
1386 5099 1453 5131 nova

413 5167 621 5230 Interpretationc
633 5166 779 5228 Hieronymi
793 5163 916 5210 Vairlenii
927 5162 1005 5225 Sylvii
1020 5163 1123 5225 adjecta.
1159 5161 1227 5218 Quae
1240 5162 1306 5222 (licet
1321 5165 1344 5211 in
1370 5164 1459 5213 multis
