3250 6617
605 1117 660 1179 ET
683 1116 1019 1180 FORMULARUM.
1334 1119 1376 1179 85

241 1288 370 1360 Μετίχειν.
401 1291 697 1357 Πάυτας...βουλόμενος
713 1311 787 1357 μετα·
868 1291 985 1358 μισῆσαι.
1010 1289 1049 1342 ὅτι
1073 1289 1154 1358 μικρά.
1180 1288 1205 1343 6.
1249 1288 1275 1341 ἐν
1298 1291 1378 1362 μικρῲ

281 1369 348 1427 νοίος
367 1374 511 1442 μετασχεῖν.
542 1368 630 1427 Clem.
647 1368 662 1424 Ι
679 1371 705 1426 8.
748 1367 788 1423 ἵνα
867 1374 958 1445 χρόνῳ.
981 1367 1046 1444 Igu.
1069 1367 1141 1444 Eph.
1165 1381 1193 1439 5.
1236 1371 1270 1424 ὡς
1288 1373 1375 1440 μικρό-

281 1453 320 1506 καί
344 1457 410 1506 θεοῦ
433 1454 539 1507 πάντοτε
561 1452 688 1522 μετίχητε,
722 1449 785 1525 Ign.
869 1474 941 1521 τερος
954 1453 1029 1519 ῦμεῦν.
1053 1449 1151 1526 Magn.
1173 1468 1214 1505 ΙΙ.
1257 1451 1285 1504 ἐν
1296 1454 1376 1524 μικρῷ

282 1530 354 1607 Eph.
368 1552 393 1602 4.
869 1532 1049 1606 ηὲνμεγάλῳ.
1073 1530 1182 1588 Ρίιίίιιά.
1196 1532 1221 1586 6.
1245 1536 1339 1600 μικρῶν
1349 1554 1376 1585 τε

241 1617 425 1684 Μετοπιορινός.
468 1616 556 1686 Καιροί
581 1613 786 1684 ..μετοπωρινοί
870 1617 910 1669 καὶ
922 1616 1046 1685 μεγάλων.
1071 1612 1156 1670 Mart.
1173 1612 1266 1687 Polyc.
1284 1615 1309 1668 8.

282 1693 369 1751 Clem.
383 1693 399 1750 I
414 1714 458 1751 20.
831 1695 975 1763 Μιμεῖσθαι.
1012 1693 1056 1749 *Au
1071 1698 1128 1767 ’γὰρ
1151 1695 1214 1764 ἡμᾶς
1241 1694 1376 1763 μιμήσεται

241 1778 364 1847 Μέτοχος.
407 1778 443 1833 είς
463 1780 494 1831 τὸ
516 1781 638 1848 μετόχους
659 1775 723 1845 ἡμᾶς
745 1796 789 1846 γε·
870 1777 934 1830 καθά
953 1779 1111 1849 πράσσομεν.
1136 1775 1198 1850 Ign.
1215 1774 1312 1850 Magn.
1332 1792 1375 1832 10.

281 1858 375 1912 νίσθαι.
402 1855 490 1915 Clem.
514 1857 530 1913 Ι
552 1876 599 1931 34.
641 1856 670 1927 ἧς
692 1856 789 1928 γίνοιτό
871 1860 918 1912 Καὶ
952 1859 1049 1929 ὄφελον
1085 1860 1177 1913 πάντες
1213 1859 1290 1911 αὐτὸν
1322 1857 1374 1921 ε’μι-

280 1962 323 2008 μοι
333 1939 371 1994 ἀεὶ
381 1940 489 2010 μέτοχον
499 1936 566 1996 εἶναι.
585 1938 648 2015 Igu.
660 1935 732 2012 Eph.
743 1953 786 1992 11.
870 1943 972 2006 μοῦντο.
989 1938 1102 2013 Smyrn.
1121 1957 1163 1994 12.
1195 1938 1226 1993 οῦ
1239 1940 1269 1992 τὸ
1281 1937 1376 2009 μαρτύ-

241 2023 356 2089 Μετρείν.
399 2021 457 2074 ἀλλ’
482 2023 588 2091 ε’μαυτὸν
611 2025 701 2091 μετρῶ.
726 2017 787 2094 Igu.
870 2043 925 2090 ρεον
942 2022 1033 2076 πάντες
1053 2020 1218 2089 ἐπιθυμοῦσιν
1237 2021 1375 2089 μιμεῖσθαι.

281 2099 366 2157 Trall.
383 2121 410 2170 4.
871 2100 958 2157 Mart.
975 2099 1069 2176 Polyc.
1088 2118 1132 2173 19.

242 2184 356 2253 Μέτριος.
407 2183 495 2254 μέτρια
528 2187 568 2239 καί
602 2189 682 2254 σεμνὰ
717 2189 787 2241 νοεῖν.
831 2184 945 2252 Μίμημα.
990 2185 1022 2236 τὰ
1045 2181 1171 2252 μιμήματα
1198 2184 1242 2250 τῆς
1268 2182 1378 2250 ἀληθοῦς

282 2261 370 2320 Clem
387 2263 400 2319 1
420 2281 444 2318 ι.
870 2265 974 2336 ἀγάπης.
998 2261 1095 2339 Polye.
1111 2261 1182 2319 Phil.
1203 2280 1225 2318 1.

241 2345 326 2414 Μέχρι
339 2346 460 2401 θανάτου.
475 2348 553 2400 ..καὶ
571 2347 647 2418 μέχρι
664 2349 786 2406 δουλείας.
831 2348 953 2414 Μίμησις.
1009 2345 1044 2401 είς
1074 2346 1180 2415 μίμησιν
1208 2347 1253 2414 τῆς
1283 2345 1377 2398 ε’κείνου

282 2424 435 2496 Clem.I4.
465 2427 540 2497 μίχρι
550 2431 603 2482 νῦν.
616 2429 677 2503 lgn.
689 2428 786 2505 Magn.
870 2429 988 2484 πίστεως.
1010 2424 1099 2483 Clem.
1116 2423 1271 2502 Fmgn1.ii.

283 2506 310 2572 8,
335 2506 417 2564 Rom
442 2528 468 2578 4,
491 2506 603 2583 Smym.
628 2523 654 2581 5,
684 2518 714 2567 et
735 2509 787 2567 Po-
830 2508 951 2578 Μιμηπὴς.
985 2511 1095 2578 Μιμηταί
1108 2508 1237 2580 γενώμεθα
1250 2507 1376 2561 κάκείνων.

281 2588 333 2662 lyc.
350 2587 420 2645 Phil.
438 2607 461 2644 1.
489 2589 565 2663 με’χρι
578 2589 680 2661 Ῥώμης.
704 2591 786 2649 Rom.
871 2588 959 2649 Clem.
977 2590 989 2645 l
1008 2603 1051 2662 17.
1087 2590 1190 2660 μιμηταί
1211 2590 1280 2644 ὄντες
1300 2591 1375 2642 Θεοῦ.

282 2683 308 2742 5.
324 2670 660 2742 μίχμιςοῦμετανοίησωσιν.
674 2672 787 2748 Smym.
871 2671 931 2746 lgn.
949 2670 1022 2746 Eph.
1042 2689 1064 2728 1.
1107 2671 1210 2740 μιμηταί
1224 2670 1252 2724 a?
1265 2673 1311 2723 τοῦ
1325 2677 1376 2724 Κυ-

282 2764 308 2823 5.
344 2752 419 2823 μέχρι
435 2757 485 2807 τῶν
500 2753 553 2807 ἔσο
569 2757 684 2824 φλεβῶν.
702 2754 786 2812 Mart.

281 2831 375 2908 Polyc.
393 2850 418 2888 2.
731 2858 735 2870 ·

241 2915 375 2984 Μηδαμῶς.
399 2912 488 2970 Olem.
502 2913 517 2969 1
532 2932 569 2988 33
585 2924 614 2973 et
629 2932 676 2990 45.

241 2999 336 3064 Μηκέτι
346 2997 552 3063 σαββατίζοντες.
577 2997 639 3073 Ign.
651 2997 747 3074 Magn.
761 3017 786 3071 9.
802 3012 808 3026 “

241 3077 360 3147 Μηλιυτη.
396 3079 422 3131 ἔν
435 3077 557 3149 δέρμασιν
569 3081 671 3152 αίγείοις
687 3083 727 3135 καί
740 3104 788 3150 μη-

281 3162 379 3216 λωταῖς.
403 3155 521 3215 Clem.I
541 3172 583 3232 17.

242 3239 307 3308 Μην,
347 3241 423 3309 μηνὸς
445 3241 567 3296 Ξανθικοῦ
588 3243 692 3315 δευτέρη
715 3245 788 3299 ίστα-

281 3320 364 3389 μένου.
388 3318 472 3377 Mart.
489 3320 584 3397 Polyc.
601 3341 646 3379 οι.

869 2835 1000 2893 τάςίίντας
1014 2838 1086 2889 θεοῦ.
1110 2832 1194 2889 Tmll.
1217 2851 1239 2888 Ι.
1271 2833 1379 2902 μιμητὴν

870 2912 932 2970 εἶναι
959 2920 1004 2971 τοῦ
1031 2918 1127 2972 πάθους
1153 2920 1198 2969 τοῦ
1225 2918 1292 2969 Θεοῦ
1318 2918 1375 2984 μοῦ.

871 2995 954 3052 Rom.
970 2997 996 3052 6.
1021 2996 1124 3066 μιμηταί
1133 2997 1237 3068 γίνεσθε
1249 2996 1336 3064 Ἰησοῦ
1345 3005 1376 3052 Χ.

872 3076 980 3134 Ρίιὶίιιά.
1005 3091 1030 3150 7.
1067 3081 1178 3147 Μιμηταὶ
1194 3077 1378 3150 οὔνγενίιμεθα

870 3162 914 3229 τῆς
934 3161 1059 3230 ὑπομονῆς
1079 3161 1163 3216 αὐτοῦ.
1194 3157 1288 3233 Polyc.
1305 3156 1379 3214 Phil.

871 3243 897 3297 8.
944 3239 984 3296 ἵνα
1009 3243 1112 3310 μιμηταὶ
1139 3242 1179 3295 καί
1206 3240 1275 3309 ἡμεῖς
1302 3240 1378 3294 αὐτοῦ

869 3323 1006 3395 γενώμεθα
1036 3321 1122 3378 Mart.
1143 3320 1237 3396 Polyc.
1259 3339 1280 3376 1.
1319 3321 1379 3377 τοὺς

870 3404 1035 3474 δὶμάρτυρας
1048 3406 1082 3460 ὣς
1095 3404 1205 3472 μαθητὰς
1218 3402 1259 3455 καί
1271 3403 1378 3469 μιμητάς

870 3489 916 3538 τοῦ
930 3488 1032 3555 Κυρίου.
1059 3497 1101 3557 17.

241 3398 356 3470 Μηνῦειν,
400 3402 441 3457 ἐπὶ
460 3405 589 3478 κεφαλαίῳ
609 3405 787 3476 μεμηνῦκαμεν.

283 3480 368 3540 Mart.
385 3481 479 3557 Polyc.
498 3501 544 3538 20.

242 3562 347 3634 Μήποτε
361 3564 500 3627 θλιβίντες.
523 3564 585 3640 Igu.
602 3563 712 3621 Philad.
729 3565 755 3621 6.
831 3564 1032 3634 Μιμνίησκεσθαι
1088 3567 1202 3632 μάλιστα
1230 3564 1379 3633 μεμνημένοι

242 3645 338 3717 Μήτηρ.
374 3645 468 3708 πίστιν,
486 3646 539 3714 ἥτις
556 3648 612 3701 ε’στί
629 3645 710 3718 μίμηρ
725 3650 787 3703 πάν-
870 3649 921 3699 τῶν
929 3649 1014 3718 λόγον
1023 3650 1068 3699 τοῦ
1078 3647 1180 3716 Κυρίου.
1203 3642 1291 3701 Clem.
1307 3646 1316 3700 Ι
1332 3662 1375 3717 13.

281 3748 331 3780 των
343 3726 418 3795 ἡμων
442 3723 536 3803 Polyc.
548 3725 619 3784 Phil.
633 3747 657 3800 3.
871 3725 1007 3795 Μνῆσθητε
1036 3730 1088 3780 τῶν
1113 3730 1198 3799 λόγον
1222 3726 1308 3793 Ἰησοῦ
1333 3730 1379 3781 τοῦ

242 3810 372 3878 Μηχανᾶν.
422 3808 561 3879 ε’μηχανᾶτο
591 3809 644 3864 κατ’
667 3811 749 3865 αὐτῶν
775 3814 790 3865 6
871 3809 965 3880 Κυρίου
979 3808 1056 3877 ἡμῶν.
1078 3808 1124 3877 46.

282 3890 408 3953 διάβολος.
432 3886 519 3947 Mart.
535 3888 628 3966 Polyc.
645 3908 671 3963 3.
831 3893 934 3947 Μισεῖν.
980 3890 1170 3945 αι’πεπαινετοῦς
1194 3890 1244 3961 γάρ
1270 3891 1342 3957 μισεῖ
1363 3891 1378 3942 6

242 3969 356 4041 Μηχανίη.
389 3970 572 4043 ἀναφερόμενοι
586 3974 622 4028 είς
634 3975 665 4026 τὰ
679 3970 735 4043 ὕψη
748 3973 789 4027 διὸ
870 3974 942 4028 Θεός.
966 3969 1054 4028 Clem.
1070 3969 1086 4026 Ῑ
1102 3988 1148 4043 30.
1190 3971 1294 4034 βέλτιόν
1309 3971 1380 4024 ε’στιν

282 4054 326 4120 τῆς
338 4054 451 4123 μηχανῆς
463 4051 491 4107 Ἰ.
508 4061 537 4108 Χ.
563 4052 625 4129 Ign.
642 4050 717 4128 Eph.
734 4071 758 4125 9.
870 4054 902 4106 τὰ
916 4053 1003 4108 ἐνθάδε
1014 4055 1130 4122 μισῆσαι.
1154 4049 1188 4106 Π
1207 4050 1233 4106 6.
1271 4047 1307 4104 ‘0
1327 4053 1377 4123 γὰρ

243 4135 345 4204 Μιαρός.
387 4136 478 4204 μιαρᾶς
491 4137 532 4188 καί
545 4133 649 4190 ἀνοσίου
665 4136 788 4192 στιίσεοις.
871 4137 942 4203 μισεῖ
960 4157 998 4191 τις
1013 4135 1054 4188 διὰ
1070 4136 1115 4204 τὴν
1127 4135 1249 4189 ἐπιοῦσαν
1261 4177 1284 4188 ..
1301 4131 1379 4187 ,mb-

283 4211 371 4270 Clem.
388 4212 404 4269 I
423 4233 446 4270 1.
489 4215 597 4286 φαῦλον
609 4217 690 4288 ἔργον
702 4217 791 4288 μιαράς
873 4238 939 4272 εσιν.
972 4214 1085 4291 Fragm.
1109 4214 1146 4270 vi.
1196 4215 1254 4269 οῦδὲ
1280 4214 1380 4286 ἀγάπην

283 4296 420 4365 ε’πιθυμίας.
446 4298 490 4352 28.
525 4299 616 4369 μιαράς
628 4320 656 4351 τε
668 4340 675 4353 .
687 4341 694 4352 .
707 4340 713 4352 .
724 4319 790 4367 συμ-
873 4297 1017 4366 κεκτημίνος
1025 4300 1102 4366 μισεῖ.
1116 4298 1179 4372 lgn.
1188 4293 1261 4370 Eph.
1270 4311 1314 4365 14.
1337 4295 1381 4349 ε’ἀν

283 4379 387 4435 πλοκάς.
424 4396 472 4450 30.
518 4379 708 4447 ἀπεκτάνθησαν
742 4379 790 4433 ὑπὸ
872 4376 1235 4448 ἀποδοκιμασθῶ,ε’μισίησατε.
1251 4374 1335 4433 Rom.
1351 4378 1377 4432 8.

831 4459 941 4516 Μισθότ.
975 4461 1069 4529 μισθὸν
1088 4458 1247 4528 ἀντιμισθίας
1264 4459 1299 4512 &v
1317 4459 1377 4513 ε’λά-

870 4543 966 4611 {iopen
996 4538 1087 4597 Clem.
1108 4538 1141 4595 Π
1166 4556 1190 4594 1.
1234 4537 1316 4595 Οὗτος
1336 4537 1381 4593 οῦν

871 4623 969 4677 ε’στινό
984 4623 1077 4693 μισθὸς
1098 4622 1175 4691 ἡμῶν.
1198 4637 1225 4692 3.
1262 4619 1379 4689 ε’νταῦτη

870 4707 986 4775 πῇσαρκί
1002 4703 1191 4775 ἀποληψόμεθα
1208 4704 1253 4757 τὸν
1271 4701 1377 4771 μισθόν.

283 4462 448 4532 τῶνμιαρῶν.
473 4473 520 4531 45.

244 4543 346 4610 Μικρός.
409 4536 477 4595 οἶκον
514 4542 603 4612 μικρὸν
639 4543 787 4595 καταλιπών.

284 4619 409 4697 Oleum]
432 4639 478 4678 10.
520 4623 552 4676 τά
574 4623 601 4676 δὲ
625 4622 704 4676 λοιπά
726 4623 788 4690 σκῆ-

282 4724 350 4773 πτρα
362 4742 368 4756 .
382 4745 387 4756 .
400 4744 406 4757 .
417 4703 462 4756 οῦκ
476 4703 503 4756 ἐν
515 4707 590 4775 μικρᾷ
604 4703 673 4771 δόξῃ.
691 4719 736 4774 32.
759 4704 791 4757 Οί

869 2755 926 2825 ρίου
940 2754 1121 2821 σπουδάζομεν
1133 2749 1203 2807 εἶναι.
1231 2769 1275 2807 10.
1304 2773 1379 2820 μιμη·
1489 2825 1493 2833 1

281 4785 390 4856 μεγάλοι
404 4784 463 4853 δίχα
476 4787 527 4838 τῶν
538 4787 755 4856 μικρῶν...οὕτε
766 4785 790 4838 οί

282 4865 374 4964 W·
393 4881 442 4936 37·
469 4863 585 4937 Ἁνανία
604 4867 655 4938 νῦν
672 4865 791 4936 οὔνενό

282 4967 347 5014 ημιν.
372 4963 418 5015 44.
454 4946 481 5000 ἐν
493 4950 529 5020 τῷ
544 4945 651 5020 ποιμνίῳ
668 4948 713 5000 τοῦ
729 4955 790 5017 Χρι·

243 5067 247 5075 ·
283 5030 348 5081 ποῦ
363 5024 472 5098 ναρθῦν
497 5038 542 5099 57·
585 5028 660 5097 W
678 5029 790 5099 onniv.

247 5131 250 5137 ·
284 5105 317 5162 Π
345 5125 369 5172 1,
395 5105 446 5164 61⁸⁸.
496 5109 572 5181 μικρά
595 5110 636 5164 καί
658 5109 793 5180 ε’λπίζομεν

283 5191 380 5254 λαβεῖν.
407 5187 446 5247 ib.
488 5189 619 5249 ἀκοῦοντες
641 5192 730 5263 ὥσπερ
749 5191 792 5259 μί-

873 4802 898 4856 9.
933 4783 973 4840 ’ίνα
991 4787 1030 4841 καί
1046 4788 1091 4840 τὸν
1102 4785 1196 4854 μισθὸν
1209 4783 1376 4852 κομισώμεθα.

875 4883 918 4922 11.
961 4867 993 4920 Εί
1014 4868 1065 4940 γὰρ
1089 4868 1133 4921 τὸν
1153 4865 1247 4934 μισθὸν
1269 4868 1322 4918 τάν
1342 4864 1380 4919 δι·

872 4949 948 5002 καίων
981 4951 995 5002 6
1025 4950 1089 5003 θεὸς
1122 4947 1214 5002 &Oios
1251 4944 1376 5001 ἀπεδίδου.

873 5027 986 5104 Fragm.
1002 5026 1041 5084 iii.
1085 5028 1220 5082 ἀποδοῦναι
1235 5027 1263 5081 ἀί
1281 5028 1378 5096 τὸνμι-

872 5110 936 5164 σθόν
949 5113 1003 5166 ταῖς
1016 5109 1158 5177 ἐκκλησίαις
1169 5112 1225 5166 ταῖς
1237 5109 1381 5176 ίπταντησά·

873 5212 940 5248 σαις.
965 5189 1053 5249 Mart.
1069 5189 1130 5266 Igu.
1147 5210 1175 5260 4.

283 5292 357 5343 ερον.
380 5269 417 5328 ἱί).
454 5271 469 5340 ἦ
482 5273 599 5342 ἐπιδημία
613 5272 640 5327 ἐν
652 5276 689 5347 τῷ
703 5275 791 5346 κόσμῳ
833 5273 923 5346 Μνείει.Ι
946 5273 1036 5346 ἢπρόε
1046 5273 1091 5326 *ὅ*
1100 5272 1166 5326 0‘3’
1174 5271 1215 5325 ¹⁰3
1224 5271 1284 5328 '⁰¹⁸⁸
1292 5271 1380 5343 ‘W‘

282 5351 792 5428 toth-4»...pup66m.5.r666661

873 5352 1163 5426 νυόῑςννιεὸεννίι
1186 5348 1373 5422 mals&
