3250 6617
546 1075 608 1138 ΑΙ)
630 1075 921 1154 CORINTHIOS,
944 1075 985 1139 iv.
1245 1077 1284 1139 ul

247 1248 343 1326 Cain
360 1262 493 1337 autern,
511 1262 543 1325 et
559 1275 672 1348 super
688 1247 881 1348 sacrificia
906 1249 983 1348 ejas
1006 1258 1080 1324 non
1102 1249 1285 1326 advertit:

244 1380 277 1442 et
295 1366 528 1442 contristatas
549 1379 598 1443 est
618 1366 715 1443 Cain
731 1365 849 1454 nabbe,
867 1380 899 1440 et
916 1365 1078 1441 concidit
1094 1366 1195 1441 vultu
1211 1393 1285 1441 suo.

243 1485 295 1558 Et
324 1483 421 1558 dixit
445 1482 633 1559 Dominus
659 1484 764 1558 Deus
792 1483 847 1557 ad
877 1482 985 1570 Cain,
1017 1483 1142 1575 Quare
1172 1483 1287 1559 tristis

234 1601 366 1698 factus
382 1601 449 1676 es?
488 1601 538 1674 Et
556 1626 672 1698 qnare
690 1598 852 1674 concidit
868 1600 987 1674 cubas
1004 1600 1117 1675 tuus?
1152 1601 1287 1676 Nonne

243 1716 279 1791 si
294 1730 387 1792 recte
405 1716 549 1816 efferas,
567 1744 641 1792 non
658 1730 781 1792 autern
801 1729 898 1791 recte
914 1715 1075 1805 dividas,
1088 1718 1284 1815 peccasti?

246 1834 397 1925 Qrtiesce
408 1867 420 1921 ,·
446 1835 499 1910 ad
523 1849 556 1910 te
581 1835 767 1911 conversio
793 1836 879 1935 ey‘us,
905 1849 937 1912 et
962 1848 1002 1910 tn·
1021 1834 1286 1934 principatum

243 1951 391 2027 babebis
421 1952 548 2051 ipsiius.
598 1954 649 2027 Et
679 1951 777 2027 dixit
804 1952 902 2028 Cain
931 1952 985 2027 ad
1008 1952 1103 2027 Abel
1116 1954 1286 2051 fratrent

243 2095 360 2157 ntum,
388 2071 637 2145 Transeamus
666 2069 707 2144 in
737 2096 922 2168 campane.
974 2071 1024 2144 Et
1044 2071 1196 2170 facturn
1226 2084 1285 2158 est,

244 2185 335 2260 darn
364 2200 476 2261 essem
506 2187 547 2261 in
573 2212 715 2285 campo,
740 2186 903 2262 surreait
930 2187 1027 2264 Cain
1055 2214 1169 2286 snper
1192 2188 1288 2263 Abel

245 2303 414 2401 fratrem
443 2331 561 2391 suurn
592 2318 624 2379 et
654 2303 789 2381 occidit
819 2331 910 2379 earn.
961 2303 1119 2394 Videtis,
1143 2305 1285 2393 finires,

243 2431 393 2520 propter
420 2421 540 2496 zelum
569 2431 609 2496 et
640 2422 817 2496 invidiam
850 2420 1092 2496 fratricidium
1120 2423 1285 2496 commis·

243 2564 334 2612 sum
387 2538 544 2638 Propter
572 2537 692 2612 zelum
721 2548 828 2638 peter
855 2547 980 2612 noster
1003 2537 1119 2613 Jacob
1147 2565 1171 2612 a
1194 2538 1436 2692 faciemus-u

242 2800 297 2858 eote
311 2801 467 2876 punitate.
491 2800 704 2860 HEFELIUS.
782 2824 879 2875 χαρτος
918 2803 1055 2876 inops-ipsc
1095 2806 1282 2880 cumpinum]

284 2900 311 2957 9.
333 2883 478 2954 Διέλθωμεν
504 2885 540 2942 ele
567 2888 597 2939 τὸ
626 2880 737 2964 πεδίον]
784 2882 940 2942 Herodian.
956 2885 1023 2961 (ἥλῳ
1036 2889 1078 2942 καὶ
1092 2888 1155 2960 ἔριδι
1172 2891 1203 2957 τῇ
1220 2891 1285 2957 πρὸς

242 2961 312 3021 Non
332 2963 363 3021 in
382 2963 463 3021 LXX
479 2964 609 3023 versione
630 2973 743 3023 tentum
783 2966 906 3035 ἀλλήλας,
953 2961 1018 3046 [III
1048 2965 1069 3023 ii
1093 2985 1137 3040 13.
1185 2966 1285 3026 Addns

242 3043 348 3121 legitur
398 3045 453 3104 hoc
506 3045 741 3105 additamentum
784 3045 910 3123 ejusdem
933 3045 1000 3105 libri
1022 3046 1053 3104 iii
1078 3067 1105 3122 3,
1126 3050 1286 3105 ἐστασίασαν

242 3125 325 3184 Idem
346 3125 452 3185 hebent
472 3133 569 3186 textus
587 3127 741 3187 Samarite-
784 3130 812 3183 bl
835 3131 900 3202 πρὸς
922 3129 1051 3200 ἀλλήλους
1073 3136 1109 3206 τῷ
1129 3133 1197 3206 αὐτῷ
1217 3131 1284 3207 ζήλῳ

242 3227 304 3280 nus,
323 3208 474 3286 Vulgstue,
488 3209 586 3286 Syrus,
607 3228 641 3267 ec
660 3208 744 3269 binae
785 3211 825 3265 καὶ
857 3206 950 3290 μίσεα]
996 3209 1036 3268 Et
1064 3210 1095 3268 in
1116 3210 1190 3268 Nor.
1206 3211 1282 3270 Test.

243 3288 411 3348 Chaldaicos
436 3290 633 3368 Pernphrsses,
655 3290 742 3349 Jona—
784 3291 952 3361 ἐπλήσθησαν
975 3292 1060 3363 ζήλου,
1081 3291 1145 3350 Aa.
1168 3313 1195 3362 v,
1214 3288 1279 3373 [17]

241 3369 337 3429 thenis
359 3390 462 3448 nempe
486 3382 516 3431 et
537 3372 743 3448 Hierosolymi.
785 3373 865 3430 etin
886 3372 939 3448 Ep.
963 3372 999 3430 ed
1019 3372 1081 3432 (tal.
1103 3371 1134 3454 [v
1150 3370 1209 3453 20,]
1234 3394 1284 3431 sn·

241 3460 316 3510 tane
358 3451 466 3512 Nullus
488 3461 585 3513 sutem
609 3454 742 3513 ludoico·
784 3461 951 3512 numeretur
972 3454 1049 3513 inter
1072 3474 1158 3531 opere
1183 3455 1283 3514 cernis.

242 3553 307 3590 rum
318 3533 406 3592 codd.
417 3535 466 3612 qui
480 3535 626 3613 hucusque
636 3536 698 3594 noti
712 3556 744 3594 sc
785 3533 928 3593 Videntur
943 3543 1039 3595 nutem
1057 3544 1121 3595 tum
1138 3537 1165 3595 S.
1183 3536 1286 3614 Cypri-

242 3615 338 3672 colleti
364 3623 441 3681 sunt,
463 3617 521 3675 tale
547 3616 616 3695 quid
640 3626 742 3676 servet
784 3634 847 3687 nno,
861 3615 891 3673 in
905 3616 979 3677 libro
993 3618 1028 3676 de
1042 3618 1110 3677 Zela
1128 3627 1157 3677 et
1171 3618 1284 3683 Lirem,

242 3695 272 3753 N
274 3716 306 3755 ec
320 3696 453 3774 legebant
465 3698 534 3756 hoec
547 3700 634 3757 verbe
648 3698 744 3758 Onke-
783 3703 848 3755 tum
862 3697 890 3756 S.
902 3698 1016 3771 Basilio,
1029 3704 1087 3773 περὶ
1101 3703 1205 3772 Φθόνου,
1215 3698 1285 3757 hsec

242 3777 293 3848 los,
305 3777 500 3855 Symmachus,
511 3779 699 3843 Tbeodotion.
714 3788 744 3839 ct
784 3778 940 3838 Clementis
951 3790 1017 3839 ente
1029 3780 1126 3839 oculos
1136 3781 1285 3839 obversata

241 3861 471 3937 uterqneArabs.
495 3862 555 3938 ipsi
565 3861 743 3921 Masorethee
783 3860 876 3918 fuisse.
898 3861 1019 3920 WOTT.

243 3940 422 4005 dissentiunt.
439 3943 509 4000 dum
529 3943 578 4001 elii
599 3943 742 4002 codicibus
823 3942 860 4000 ib.
875 3939 1069 4023 κατειργάσατο]
1089 3943 1136 4002 Ite
1150 3943 1212 4002 MS.
1226 3963 1285 4001 non

243 4021 384 4081 Hebraeis
410 4031 509 4082 notem
532 4025 744 4102 adscripserunt
784 4027 988 4098 κατειργάσαντο,
999 4025 1076 4102 quod
1089 4033 1155 4102 post
1165 4025 1285 4084 Wotton

242 4104 339 4163 deesse
359 4105 475 4182 aliquid,
497 4105 555 4173 alii,
578 4105 743 4184 etquidem
784 4105 864 4163 dedit
878 4104 1052 4164 Gellsndius.

241 4185 378 4264 plerique,
405 4206 469 4244 enm
502 4187 668 4254 omiserunt,
695 4188 744 4246 elii
829 4205 872 4260 13.
885 4190 934 4243 Διὰ
947 4184 1033 4267 ζήλου]
1049 4187 1163 4246 Neutro
1173 4187 1285 4265 saepius

242 4267 415 4326 contrarium
431 4268 612 4342 addiderunt,
626 4289 743 4327 monen-
779 4265 891 4344 ,legitur
923 4267 978 4328 hoc
1004 4269 1174 4327 vocabulum
1208 4269 1285 4347 apud

242 4349 435 4408 teslectorcm
449 4349 520 4408 nihil
533 4350 638 4409 deesse.
660 4351 747 4409 Plura
786 4347 964 4408 Clementem
990 4358 1128 4409 nostrum
1174 4349 1215 4410 Et
1240 4350 1285 4409 bis

242 4430 323 4490 dubit
349 4431 395 4489 De
422 4430 549 4497 Roscius.
576 4432 643 4491 Ver.
667 4431 744 4492 Lect.
785 4429 901 4506 quidem
932 4429 1007 4488 infre
1034 4431 1065 4489 in
1097 4431 1151 4490 hoc
1182 4431 1283 4509 cupite.

242 4511 306 4571 Vct
321 4513 397 4572 Teet.
413 4512 537 4573 adhunc
551 4513 652 4573 locum.
785 4510 899 4570 Neutro
912 4512 957 4570 bis
969 4512 1130 4590 poniturin
1145 4513 1160 4589 5
1176 4525 1202 4587 7.
1240 4512 1282 4572 cf.

286 4612 330 4652 12.
354 4599 432 4666 ζῆλος
458 4598 499 4651 ecl
526 4592 634 4675 φθόνος]
665 4600 746 4666 Ζήλου
786 4593 844 4669 59,
865 4598 895 4650 rb
915 4595 951 4652 ele
970 4596 1076 4651 θάνατον
1091 4595 1155 4668 ἆγον
1169 4598 1286 4665 ζήλου-

242 4675 410 4753 plerumque
429 4675 548 4735 inbono
564 4696 657 4749 senen,
671 4695 742 4735 non·
785 4681 815 4733 et
830 4675 844 4751 5
860 4694 904 4747 14,
917 4681 1035 4749 μυσαροῦ
1048 4675 1148 4747 ζήλους.
1177 4674 1286 4735 Contra

243 4776 390 4834 uunquam
410 4764 507 4816 nutem
525 4757 556 4815 in
574 4758 651 4817 melo
671 4757 742 4816 ecci·
784 4764 881 4814 sutem
903 4756 1052 4815 masculini
1075 4755 1133 4815 trin
1154 4756 1286 4833 exemplo

243 4838 330 4915 pitur‚
351 4846 382 4899 et
405 4838 482 4898 idem
505 4839 646 4917 significet
667 4840 744 4917 quod
784 4836 902 4914 praebet
927 4838 989 4914 55,
1009 4857 1129 4915 eumque
1153 4837 1284 4897 usimtio-

243 4922 348 4994 φθόνος,
383 4919 500 4980 Hcsiod.
530 4921 604 4999 Opp.
636 4928 666 4980 et
695 4920 742 4979 Di.
783 4938 846 4977 rem
869 4917 991 4977 formem
1013 4919 1101 4978 hebes
1124 4919 1156 4996 55
1172 4938 1220 4994 43,
1235 4933 1282 4994 45.

170 5021 174 5029 '
248 4997 330 5082 [195,
344 5006 425 5074 Ζῆλος
445 5003 468 5058 δ’
488 5004 659 5077 ἀνθρώποισιν
679 5004 744 5073 bisu-
785 5000 1105 5073 cummanentibus
1125 5020 1184 5059 11011
1201 5019 1283 5077 prae·

243 5088 328 5155 ροῖσιυ
353 5087 449 5142 ἅπασιν
476 5088 638 5144 noceantne
671 5088 744 5140 κακά.
784 5081 852 5154 fixo,
866 5089 990 5159 quatuor
1003 5081 1134 5159 exemplu
1149 5080 1236 5142 hsbes
1253 5080 1283 5140 in
