3250 6617
302 1088 344 1149 14

661 1085 807 1150 INDEX
829 1085 1085 1150 VERBORUM

346 1255 443 1308 Πάντες
464 1255 500 1325 τῷ
527 1251 657 1325 ε’πισκόπιρ
684 1251 851 1306 ἀκολουθεῖτε.

347 1333 460 1408 Smym.
477 1333 503 1388 8.

305 1414 464 1470 Ἀκόλουθος.
506 1415 587 1468 πάντα
609 1414 645 1469 εἷς
671 1413 854 1485 καλοκαγαθίαν

346 1496 480 1552 ἀκόλουθα.
504 1493 566 1569 Igu.
583 1492 656 1569 Eph.
678 1512 720 1564 14.
751 1497 781 1549 τὸ
795 1494 854 1549 τοῦ·

346 1601 400 1634 τοις
426 1577 559 1630 ἀκόλουθα.
593 1574 678 1633 Mart.
707 1573 800 1650 Polyc.
825 1577 851 1632 8.

347 1659 419 1730 ἕτερα
432 1658 530 1713 τούτοις
543 1657 676 1713 ἀκόλουθα
694 1675 719 1730 9.
761 1658 853 1713 ἀπεθί·

347 1740 411 1810 μεθα
425 1740 489 1794 ὅπου
503 1740 543 1793 καί
556 1739 696 1793 ἀκόλουθον
707 1738 744 1807 ἡν.
769 1740 811 1795 18.

307 1823 465 1894 Ἀκόρεστος.
501 1821 638 1891 ἀκόρεστος
650 1821 731 1878 πόθος
744 1822 780 1877 είς
792 1821 855 1892 ἀγα·

348 1903 469 1958 θοποιίαν.
496 1899 585 1958 Olem.
601 1900 616 1956 I
633 1918 658 1956 2.

307 1983 426 2039 Ἀκούειν.
448 1984 475 2038 όν
487 1988 523 2058 τῷ
536 1983 643 2038 ἀκοῦσαι
656 1984 732 2038 αῦτδν
745 1983 795 2038 ἀπό
809 1987 855 2037 τοῦ

349 2064 490 2136 ὁμοφύλου.
508 2063 596 2122 Olem.
614 2064 670 2134 14.
714 2063 856 2134 ἡκούσαμεν

349 2149 390 2202 καί
409 2147 450 2201 ε’πὶ
469 2151 520 2200 τῶν
533 2147 647 2217 πατέρων
667 2147 742 2216 ἡμῶν.
767 2164 803 2219 23
826 2151 855 2202 et

350 2226 445 2283 IIII.
497 2230 604 2282 Πάντων
625 2226 670 2282 οῦν
691 2229 856 2297 βλεπομένων

349 2313 390 2365 καί
415 2310 576 2377 ἀκουομένων.
608 2306 624 2363 Ι
649 2311 694 2365 28.
750 2310 854 2381 αίσχρά,

349 2393 388 2445 καί
408 2391 497 2459 ἀνάξια
519 2394 563 2459 τῆς
584 2390 611 2444 ἔν
625 2395 730 2465 Χριστῷ
746 2391 855 2464 ἀγωγὴς,

348 2473 491 2528 ἀκαυέσθιιι.
509 2484 554 2543 47.
586 2475 610 2526 οί
623 2471 753 2528 ἀκούοντες
766 2474 856 2543 ὥσπερ

348 2559 444 2626 μικρῶν
465 2555 644 2625 ἁμαρτάνομεν.
667 2551 701 2609 Π
719 2570 741 2609 1.
784 2552 859 2608 αὐτοί

349 2659 385 2704 τε,
413 2636 453 2689 καὶ
479 2638 503 2689 σί
530 2633 662 2691 ἀκούοντες
689 2636 777 2689 αὐτῶν.
810 2653 853 2690 10.

349 2716 500 2772 ἀκούσαντες
519 2718 569 2787 γὰρ
590 2715 721 2784 δεδεμένον
738 2716 788 2771 ἀπὸ
809 2724 856 2770 Συ-

349 2801 412 2867 ρίας.
437 2797 498 2872 lgn.
515 2794 586 2871 Eph.
606 2814 630 2852 1.
672 2796 712 2853 ίνα
732 2798 801 2865 ῦμεῦν
817 2800 857 2852 καί

349 2877 453 2947 ἀκούση.
491 2901 516 2947 4.
573 2879 630 2931 οὐδὲ
661 2878 765 2932 ἀκούετέ
790 2902 857 2936 τινος

349 2961 429 3016 πλέον
455 2965 520 3031 ἤπερ
546 2960 633 3027 Ἰησοῦ
667 2964 789 3029 Χριστοῦ.
828 2961 853 3015 6.

350 3045 390 3096 καί
404 3044 447 3110 τὴς
461 3041 568 3112 ἡσυχίας
584 3042 661 3094 αὐτοῦ
679 3041 783 3096 ἀκούειν.
810 3056 854 3114 15.

351 3124 443 3193 ὁμοίως
457 3125 496 3177 καὶ
510 3120 633 3176 ὁάκούων
646 3122 729 3176 αὐτοῦ.
750 3123 792 3178 16.
830 3126 857 3178 ε’ν

350 3204 434 3275 ἀγάπη
448 3203 557 3259 ἀκοῦσαί
568 3225 624 3272 μου.
640 3201 725 3258 Tmll.
746 3222 789 3259 12.
822 3206 856 3275 μὴ

351 3285 451 3339 ἀκούετε
465 3287 549 3340 αὐτοῦ.
568 3281 675 3340 Philad.
693 3285 719 3340 6.
751 3294 856 3357 Χριστι-

350 3370 456 3435 ανισμδν
469 3365 572 3420 ἀκούειν.
595 3363 632 3421 ib.
674 3366 747 3421 Ἐπεί
760 3371 856 3437 ἤκουσά

350 3471 423 3502 τινων
437 3452 567 3520 λεγόντων.
590 3449 615 3502 8.
654 3450 684 3501 τὸ
697 3449 743 3517 μίν
755 3455 857 3519 πρῶτον

351 3529 467 3586 ἀκούσας.
488 3528 572 3585 Mart.
589 3526 682 3602 Polyc.
700 3543 726 3601 5.
769 3531 856 3584 Ἀκοῦ-

351 3634 399 3666 σαι
427 3612 453 3664 δὲ
476 3612 566 3666 αὐτοὺς
587 3614 720 3681 παρόντας.
748 3624 773 3684 7.
817 3613 855 3666 ε’κ-

349 3691 506 3760 πλὴττεσθαι
519 3694 578 3748 τοὺς
591 3692 731 3749 ἀκούοντας.
749 3693 784 3749 ib.
824 3695 857 3750 ὣς

349 3775 411 3841 μηδὲ
431 3774 584 3842 ἀκουσθῆναί
603 3796 656 3826 τινα
675 3773 803 3829 δύνασθαι.
828 3777 853 3831 8.

350 3861 400 3909 τῶν
411 3856 537 3926 ἡμετέρων
552 3857 575 3909 οί
595 3858 716 3925 παρόντες
737 3859 853 3924 ἥκουσαν.

352 3953 377 4007 9.
426 3936 595 3999 ἀκουσάντων,
621 3935 659 3989 ὅτι
689 3936 857 4009 Πολύκαρπος

351 4020 521 4085 συνείληπται.
548 4017 584 4072 ib.
627 4018 689 4085 μετὰ
713 4021 857 4089 παρρησίας

350 4100 430 4152 ἄκουε.
459 4117 500 4153 10.
544 4101 587 4155 δὸς
609 4098 701 4169 ἡμέραν
720 4102 759 4153 καί
781 4101 854 4154 ἀκου-

351 4203 405 4234 σον.
429 4179 464 4235 ib.

932 1249 1006 1306 νείαν.
1033 1248 1121 1307 Clem.
1138 1249 1154 1305 I
1172 1268 1216 1324 13.
1258 1253 1312 1307 τοῖς
1332 1250 1359 1305 ἐν
1376 1250 1440 1307 ἀλα-

932 1331 1014 1402 ζονεία
1028 1378 1034 1389 ,
1046 1377 1052 1388 ,
1065 1375 1071 1387 .
1082 1337 1199 1403 μυσαροῦ
1209 1331 1298 1401 ζὴλους
1309 1331 1439 1405 ἀρχηγοῐς.

937 1431 980 1483 14.
1023 1414 1067 1467 οῦκ
1090 1412 1168 1482 ἦλθεν
1189 1415 1216 1468 ε’ν
1239 1417 1327 1488 κόμπῳ
1348 1414 1442 1482 ἀλαζο-

933 1498 1006 1552 νείας.
1025 1494 1068 1550 16.
1112 1496 1310 1567 ε’γκαυχωμένοις
1330 1496 1357 1549 ἐν
1376 1496 1441 1551 ἀλα-

934 1577 1073 1646 ζονείατοῦ
1086 1580 1166 1649 λόγου
1180 1578 1268 1632 αὐτῶν.
1286 1593 1331 1632 21.
1358 1577 1440 1650 ἀπορ-

933 1659 1057 1730 ρίψαντες
1068 1703 1074 1713 .
1087 1702 1094 1714 .
1105 1658 1272 1726 ,α’λαζονείαν.
1297 1672 1342 1730 35.

892 1738 1108 1806 Ἀλαζονεύεσθαι
1136 1740 1213 1808 μηδὲν
1225 1739 1439 1809 ἀλαζονευόμενοι

935 1817 1097 1876 Clem.I2.
1141 1820 1442 1892 όόγνός...μι)ἀλα-

934 1903 1080 1970 ζονευίσθω.
1105 1902 1152 1974 38.

902 1985 1013 2050 Αλαζῶν.
1038 1985 1084 2052 τὴν
1096 1984 1204 2051 ἀλαζόνα
1260 1986 1304 2053 τῆς
1316 1985 1443 2055 γλόσσης

934 2065 1003 2134 ὑμῶν
1015 2066 1154 2120 αὐθάδειαν.
1175 2061 1264 2121 Olem.
1280 2063 1296 2119 Ι
1311 2076 1357 2137 37.

893 2145 1031 2217 Ἀλείφειν.
1053 2148 1087 2216 μὴ
1098 2145 1240 2217 ἀλείφεσθε
1254 2146 1383 2201 δυσωδίαν
1395 2148 1442 2216 τὴς

935 2228 1106 2284 διδασκαλίας.
1129 2226 1191 2303 Ign.
1208 2224 1280 2301 Eph.
1301 2238 1345 2298 ¹7·

893 2307 1018 2377 Ἀλὴθεια
1071 2309 1283 2378 καταδεξομίνους
1308 2311 1341 2363 τὸ
1365 2310 1443 2380 λόγια

934 2391 1012 2444 αῦτοῦ
1025 2391 1052 2444 ι’ν
1064 2393 1142 2464 φόβῳ
1156 2392 1196 2445 καὶ
1214 2390 1326 2461 ἀληθείη.
1349 2383 1439 2447 clem.

936 2469 1014 2544 119.
1061 2471 1099 2526 ἐπ’
1125 2471 1441 2541 ἀληθείας...τελειωθὴ-

935 2575 1008 2607 σεται
1021 2555 1050 2607 τδ
1062 2552 1180 2623 βούλημα
1193 2554 1277 2608 αὐτοῦ.
1303 2570 1348 2625 23.
1379 2552 1441 2622 ἀλὴ-

936 2633 1005 2689 θειαν
1031 2635 1072 2689 διά
1098 2635 1211 2691 πίστεως
1242 2635 1358 2704 ποιὴσας.
1392 2651 1439 2707 31.

936 2714 1039 2784 ἀλὴθεια
1052 2716 1228 2787 ε’νπαρρησίη.
1254 2728 1301 2788 35.
1335 2716 1441 2770 ἀκολου-

936 2795 1099 2867 θὴσωμεντῇ
1120 2798 1171 2872 ὁδῷ
1190 2800 1235 2867 τῆς
1254 2798 1379 2866 ἀληθείας.
1401 2793 1439 2854 ib.

936 2878 975 2932 ἐπ’
997 2879 1114 2947 ἀληθείας
1135 2884 1306 2949 πνευματικῶς
1327 2879 1441 2933 ε’πέοτει-

936 2962 981 3013 λεν
994 2960 1058 3029 ὑμῖν.
1076 2972 1123 3032 47.
1157 2962 1201 3015 τδν
1213 2960 1312 3030 πατέρα
1323 2963 1367 3029 τὴς
1380 2959 1442 3028 ἀλη-

935 3040 1011 3098 θείας.
1027 3040 1059 3096 ΙΙ
1074 3059 1100 3114 3.
1143 3041 1203 3095 ὅταν
1222 3043 1340 3110 λολῶμεν
1357 3041 1442 3098 αὑτοῖς

935 3121 1063 3191 ἀλὴθειαν.
1092 3140 1135 3178 12.
1178 3125 1296 3195 Διαφορά
1322 3123 1442 3193 τυγχάνει

936 3203 1054 3272 ἀληθείας
1066 3206 1106 3260 καί
1120 3204 1257 3273 συνηθείας.
1275 3201 1390 3278 Fragm.
1402 3202 1439 3260 vi.

935 3284 1039 3352 ἀλὴθεια
1053 3288 1163 3357 γνησίως
1176 3285 1318 3355 ζητουμένη.
1333 3282 1371 3340 ib.¹
1396 3286 1442 3356 τὴν

936 3366 1113 3434 ἀλὴθειανοῦκ
1126 3368 1200 3439 ἔχειν.
1216 3365 1274 3423 viii.
1306 3369 1442 3422 τυποῦντος

935 3448 1054 3515 ἀληθείας
1076 3448 1155 3523 τύπῳ.
1186 3447 1223 3504 ib.
1265 3450 1357 3504 πάντες
1380 3449 1442 3502 κστά

935 3529 1054 3597 ἀλὴθειαν
1067 3533 1132 3598 ζὴτε.
1148 3529 1211 3605 Igu.
1229 3527 1300 3604 Eph.
1314 3529 1340 3584 6.
1362 3528 1443 3585 πλέον

936 3614 1000 3682 ἤπερ
1018 3610 1104 3679 Ἰησοῦ
1127 3615 1240 3682 Χριστοῦ
1259 3613 1397 3667 λαλοῦντος
1415 3611 1443 3664 ἐν

936 3692 1046 3761 ἀληθείᾳ.
1063 3691 1099 3748 ib.
1123 3693 1199 3746 Τέκνα
1213 3691 1257 3747 οδν
1267 3694 1362 3763 φωτὸς,
1373 3686 1439 3769 [καὶ]

936 3773 1060 3841 ἀληθείας.
1096 3772 1203 3829 Ρίιίίιιιλ
1230 3792 1253 3829 2.
1305 3773 1442 3844 συνήγοροι

936 3859 981 3907 τοῦ
994 3856 1100 3909 θανάτου
1114 3859 1214 3924 μᾶλλον
1226 3855 1240 3924 ἡ
1256 3857 1299 3923 τῆς
1314 3854 1439 3923 ἀληθείας.

937 3933 1092 4009 811131115.
1136 3939 1247 4006 ῦμῶντδ
1263 3935 1384 3991 σύντονον
1397 3937 1441 4004 τὴς

936 4016 1060 4085 ἀληθείας.
1092 4016 1186 4093 Polyc.
1212 4030 1238 4090 7.
1287 4015 1441 4071 δουλεύσατε

936 4103 971 4172 τῷ
991 4103 1047 4171 θεῷ
1069 4101 1096 4152 ε’ν
1109 4103 1187 4175 φόβην
1202 4102 1241 4154 καί
1254 4099 1365 4168 ἀληθείη.
1389 4095 1440 4155 Ρο-

937 4178 989 4253 lyc.
1015 4178 1086 4235 Phil.
1113 4198 1137 4236 2.
1180 4183 1224 4235 τόν
1245 4183 1304 4251 περὶ
1323 4179 1442 4248 ἀληθείας

308 4263 439 4398 Ἀκη)ι1βηῖης.
482 4262 594 4330 ἐδίδαξεν
616 4263 731 4333 ἀκριβῶς.
760 4261 846 4338 Polyc

397 4362 423 4397 1.
442 4361 467 4414 3.

937 4264 1021 4333 λόγον.
1047 4279 1072 4334 3.
1120 4262 1280 4334 στεργοῦσας
1301 4262 1360 4317 τοῦς
1383 4262 1441 4315 εἀυ·

937 4348 986 4396 τῶν
1006 4344 1097 4414 ἀνδρας
1125 4346 1151 4397 ἐν
1172 4346 1243 4412 πόση
1270 4340 1381 4412 ἀληθείᾳ
1414 4360 1440 4411 4.

310 4425 438 4495 Ἀκρίτως.
481 4427 510 4478 τὸ
525 4427 551 4478 δὲ
566 4425 623 4481 ἔθος
638 4426 797 4496 ...ἀκρίτως
811 4427 858 4497 ὑφ’
936 4427 1098 4495 πορευόμενοι
1118 4426 1180 4479 κατίι
1199 4425 1245 4495 τὴν
1262 4423 1381 4493 ἀλὴθειαν
1396 4428 1443 4479 τοῦ

350 4508 441 4560 εἀυτοῦ
461 4506 610 4574 κρατύνεται.
635 4505 723 4564 Clem.
742 4505 854 4583 Fragm.
939 4507 1038 4575 Κυρίου.
1062 4519 1087 4576 5.

351 4586 386 4641 vi.
896 4587 1018 4655 Ἀλὴθειν.
1041 4588 1071 4640 διΙ
1084 4587 1193 4641 ὀδόντων
1202 4586 1294 4657 θηρίων
1303 4585 1440 4657 ἀλὴθωμαι.

310 4669 490 4741 Ἀκρόβυστος.
547 4669 561 4737 ἡ
596 4671 663 4739 παρὰ
695 4669 857 4741 ἀκροβύστου
940 4668 1000 4740 Igu.
1017 4666 1099 4724 Rom.
1117 4687 1142 4737 4.

350 4749 515 4818 Ἰουδαῖσμόν.
541 4749 601 4823 [gn.
620 4749 726 4806 Philad.
744 4751 770 4805 6.
896 4750 1011 4819 Ἀληθὴς.
1032 4748 1440 4820 τὰςάληθείςρἡσειςΠνεύματος.

306 4831 397 4886 Ἄκων.
430 4830 454 4885 εί
465 4855 489 4885 τι
502 4833 604 4887 ἄκοντες
617 4832 746 4902 ἡμάρτετε.
765 4830 854 4889 Clem.
938 4829 1127 4903 (3111111145.
1170 4833 1199 4885 τὸ
1220 4832 1247 4885 δί
1267 4830 1442 4887 ἴθος...είτε

353 4910 410 4966 12.
455 4913 507 4967 Κάν
520 4915 581 4967 αῦτά
603 4914 630 4966 δὲ
651 4916 742 4968 ἀκοντα
761 4916 795 4983 μὴ
817 4914 857 4967 θε-
937 4913 1036 4980 ἀληθὲς,
1047 4912 1207 4982 εἶτεφευδίς.
1225 4910 1338 4987 Fragm.
1350 4910 1388 4968 vi.
1412 4915 1443 4966 τὰ

352 4993 427 5061 λὴση.
453 4993 513 5068 Ign.
532 4993 612 5049 Rom.
631 5009 656 5065 5.
685 4995 856 5051 τοῦςίνῬῶ-
936 4994 1063 5064 μιμὴματα
1076 4998 1120 5063 τῆς
1137 4993 1247 5061 ἀληθοῦς
1260 4994 1365 5066 ἀγάπης.
1389 4991 1441 5048 Po·

352 5099 385 5142 μη
411 5081 461 5128 τῶν
484 5076 603 5146 ἀδελφῶν
624 5078 734 5132 ι’ίκοντας,
769 5075 854 5132 Mam
937 5074 989 5149 lyc.
1007 5074 1077 5131 Phil.
1095 5094 1117 5132 1.
1160 5075 1258 5148 ἀγάπης
1270 5077 1320 5148 γὰρ
1333 5075 1442 5144 ἀληθοῦς

356 5155 414 5229 lgn.
433 5170 458 5226 5.
502 5156 570 5225 ἡμεῖς
588 5159 633 5225 μὲν
646 5159 747 5214 ι’ίκοντες
761 5159 855 5230 ἀπηγό-
937 5161 977 5211 καὶ
986 5157 1093 5220 βεβαίας
1103 5159 1180 5211 ε’στίν.
1197 5155 1282 5213 Mart..
1296 5154 1389 5230 Polyc.
1406 5173 1429 5211 1.

352 5238 422 5304 μεθα.
447 5236 482 5291 ib.
898 5239 1034 5307 Ἀληθινός.
1076 5241 1106 5292 τὸ
1120 5240 1196 5306 ὄνομα
1210 5242 1256 5292 τοῦ
1270 5238 1389 5306 ἀληθινοῦ
1402 5241 1442 5293 καί

311 5319 463 5386 ’λλαζονείο
500 5319 648 5386 ἀποθέμενοι
664 5323 750 5375 πᾶσαν
764 5321 854 5387 ἀλαζο·

938 5324 1015 5398 μόνου
1049 5324 1121 5375 Θεοῦ.
1157 5317 1245 5376 010111
1274 5319 1288 5375 l
1313 5338 1360 5393 43.
1414 5321 1441 5375 ε’ν
