3250 6617
574 1104 629 1168 E'l'
658 1103 993 1169 FORMULARUM.
1284 1099 1346 1164 123

213 1271 414 1342 Ὑπερτίθεσόαι.
462 1272 616 1344 ’Υπέρθεσθε
644 1272 688 1328 οὑν
714 1275 759 1343 τὴν

255 1353 331 1420 κακῆν
344 1352 428 1422 ζύμην.
450 1352 514 1429 Igu.
530 1352 626 1430 Magn.
642 1372 685 1410 10.

841 1274 979 1343 δεξάμενοι.
1002 1270 1064 1347 Igu.
1081 1269 1192 1346 Smym.
1208 1289 1251 1326 10.

798 1355 941 1411 ’Υπόθεσις
985 1359 1037 1408 τῶν
1056 1357 1211 1424 λυπηρῶν..
1225 1394 1231 1407 .
1243 1352 1344 1406 πάντων

213 1433 347 1507 ’Υπερῷοκ
390 1435 502 1508 ἔκρυψεν
525 1437 560 1493 είς
583 1439 613 1491 τὸ
637 1438 757 1511 ὑπερῷον.
840 1437 960 1492 ὑπόθεσις
978 1437 1018 1490 καί
1035 1434 1084 1502 ῦλη
1100 1435 1114 1502 ῆ
1128 1440 1179 1489 τῶν
1190 1434 1341 1489 ἄσπαστιὺν.

254 1512 343 1570 Clem.
367 1513 382 1569 Ι
401 1533 445 1572 12.
482 1517 509 1571 ἐν
531 1516 644 1593 ὑπερῴῳ.
670 1515 755 1574 Mart.
839 1515 929 1574 Clem.
946 1515 1061 1592 Fragm.
1076 1513 1112 1572 iv.

255 1594 349 1669 Polyc.
368 1609 393 1669 7.
796 1598 965 1654 Ὺποκεῖσθαι.
993 1597 1108 1672 τοσαύτης
1126 1599 1227 1667 μᾶλλον
1243 1595 1341 1651 ὑποκεί·

212 1676 337 1748 ’Υπέχειν
366 1679 490 1746 ὑπομονῆς
503 1681 626 1749 βραβεῖον
635 1680 755 1750 ὑπέσχεν.
836 1681 900 1749 μεθα
914 1678 1025 1754 κινδύνῳ.
1047 1677 1134 1734 0111111
1152 1677 1166 1733 I
1182 1696 1227 1748 41.

254 1755 342 1814 Clem.
359 1758 374 1813 I
389 1771 414 1829 5.
450 1760 579 1828 τῆν...τοῦ
592 1759 673 1814 Ἰούδα
694 1762 756 1817 &1¹6-
795 1760 949 1832 ’Υπόκρισις
976 1764 1030 1817 τοῖς
1041 1760 1099 1829 μεθ’
1110 1759 1264 1829 ὑποκρίσεως
1277 1761 1339 1823 βου-

254 1841 483 1912 σχοιεντιμωρίαυ.
506 1839 592 1898 Mart.
609 1839 702 1916 Polyc.
718 1843 743 1898 6.
836 1843 950 1912 λομένοις
989 1841 1094 1913 είρῆνην.
1130 1836 1218 1897 Clem.
1249 1838 1263 1895 l
1294 1852 1337 1910 15.

213 1919 342 1989 ’Υπῆκοος
384 1922 410 1975 έν
429 1925 465 1995 τῷ
488 1923 564 1976 αὑτὸν
585 1922 692 1991 ὑπῆκοον
711 1946 755 1996 γε.
837 1921 966 1978 έπακούειν
984 1925 1046 1977 κατὰ
1063 1923 1183 1992 μηδεμίαν
1199 1923 1339 1993 ὑπόκρισιν.

254 2002 340 2056 νέσθοι
353 2006 407 2058 τοῖς
419 2002 515 2073 ρῆμοσι
525 2008 570 2058 τοῦ
581 2009 653 2059 θεοῦ.
665 2002 753 2061 0111111
838 2003 900 2080 Igu.
917 2002 1012 2079 Magn.
1030 2022 1056 2076 3.
1098 2010 1148 2058 τῶν
1164 2004 1191 2057 ἐν
1209 2002 1339 2074 ὑποκρίσει

254 2080 328 2138 110.
372 2085 493 2151 ὑπηκόους
514 2089 567 2140 τοῖς
590 2085 756 2157 όγιοπρεπέσι
836 2089 967 2157 φερόντων
993 2087 1023 2139 τὸ
1051 2086 1128 2154 ὄνομα
1157 2087 1202 2138 τοῦ
1236 2084 1338 2155 Κυρίου.

253 2167 339 2236 λόγοις
358 2166 443 2219 αὑτοῦ.
465 2182 507 2237 13.
551 2167 673 2234 ὑπηκόους
693 2167 756 2236 ῆμῦς
837 2165 930 2242 Polyc.
947 2164 1019 2222 Phil.
1036 2166 1061 2222 6.

252 2248 352 2315 μᾶλλον
364 2247 482 2318 γενέσθαι
494 2270 530 2322 περ
544 2252 601 2322 θεῷ
619 2266 661 2317 14.
794 2248 932 2304 ’Υπολύειν
961 2251 1077 2319 έπειρᾶτο
1092 2248 1134 2301 καί
1149 2245 1268 2302 ὑπολύειν
1280 2247 1337 2299 ίαυ-

212 2324 357 2396 ’Υπηρεσία
399 2329 440 2382 διδ
459 2331 503 2397 τῆς
523 2329 661 2399 ὑπηρεσίας
680 2330 756 2384 αὑτοῦ
835 2333 888 2384 τόν.
910 2328 994 2385 Mart.
1011 2327 1164 2403 Polyc.13.

252 2409 346 2479 ἔκρινεν
363 2412 378 2463 ό
397 2411 461 2466 θεὸς
478 2411 541 2463 λοδν
558 2411 642 2465 αὑτοῦ.
665 2408 753 2467 Clem.
794 2410 947 2481 ’Υπομένειν
975 2412 1007 2464 τὰ
1023 2412 1197 2478 ε’τοιμαζόμενα
1209 2412 1262 2464 τοῖς
1275 2408 1336 2463 ὑπο-

253 2486 331 2562 117.
835 2492 968 2562 μένουσινς
990 2489 1077 2548 Clem
1096 2491 1173 2562 135.
1211 2489 1338 2561 εὑρεθῆναι

210 2569 363 2642 ’Υπηρετεῑν
405 2571 432 2623 έν
454 2573 524 2646 λόγῳ
548 2577 614 2626 Θεοῦ
641 2574 757 2645 ὑπηρετεῖ
836 2574 864 2627 έν
889 2578 925 2647 τῷ
960 2574 1056 2647 ἀριθμῷ
1084 2578 1135 2626 τῶν
1167 2572 1340 2640 ὑπομενόντων

252 2675 301 2720 μοι.
325 2649 388 2726 Ign.
406 2648 512 2708 Philad.
529 2670 575 2708 11.
836 2655 918 2710 αὑτόν.
939 2652 976 2710 ib.
1019 2656 1051 2708 Οί
1075 2654 1102 2708 δέ
1126 2653 1289 2723 ὑπομένοντες
1312 2651 1339 2704 έν

211 2731 355 2804 Ὑπηρέτης.
398 2733 531 2803 ἐκκλησίας
545 2738 610 2788 θεοῦ
628 2735 754 2805 ὑπηρέται.
836 2735 994 2805 πεποιθήσει.
1018 2748 1064 2806 45.
1127 2734 1177 2789 ὅσα
1210 2732 1339 2802 ὑπέμεινεν

253 2811 318 2889 Igu.
334 2811 418 2869 Trall.
437 2833 461 2870 2.
505 2817 538 2871 ὑς
552 2820 617 2870 θεοῦ
633 2817 756 2885 οἰκονόμοι
836 2816 935 2885 Ἰησοῦς
948 2820 1059 2889 Χριστὸς
1071 2817 1166 2871 παθεῖν.
1188 2813 1221 2869 Π
1241 2831 1263 2869 1.
1293 2814 1338 2867 ε’λ·

257 2897 352 2952 ...καὶ
366 2897 493 2969 ὑπηρέται.
517 2895 610 2972 Polyc.
628 2898 653 2953 6.
837 2897 958 2954 πίσαντες
987 2899 1165 2968 ὑπομείνωμεν.
1192 2913 1234 2952 11.
1277 2896 1339 2950 ὑπσ-

211 2975 413 3047 ’Υπισχνεῖσθοι.
455 2979 535 3035 καθὼς
553 2979 682 3051 ὑπέσχετο
699 2980 757 3050 ἡμῖν
836 2978 952 3047 μένοντες
974 2979 1019 3049 τῆν
1043 2983 1130 3036 πᾶσαν
1155 2978 1272 3050 ε’πῆρειαν
1294 2980 1340 3030 τοῦ

253 3057 346 3129 ε’γεῐρσι
360 3058 431 3128 ῆμῦς.
455 3058 548 3134 Polye.
566 3059 636 3116 Phil.
654 3074 679 3132 5.
837 3061 959 3131 ἄρχοντος
979 3064 1024 3114 τοῦ
1047 3061 1136 3117 αίῶνος
1154 3059 1252 3114 τούτου.
1274 3056 1336 3132 Ign.

210 3137 388 3202 ’Υποβιίλλειν
433 3141 559 3205 ’Υπέβαλε
592 3147 654 3215 γοῦν
680 3142 755 3213 Νικῆ-
838 3140 935 3217 Magn.
955 3160 979 3197 1.
1021 3141 1184 3212 ὑπομένομεν,
1206 3140 1244 3195 ἵνα
1268 3141 1337 3211 εύμε·

251 3241 305 3288 την.
328 3217 411 3276 Mart.
436 3221 532 3296 Polyc.
551 3236 594 3293 17.
639 3225 754 3288 ὑποβαλ·
836 3223 919 3290 θῶμεν
931 3224 1047 3290 μαθηταί.
1071 3241 1096 3294 9.
1139 3223 1174 3278 είς
1189 3225 1218 3275 τδ
1237 3242 1339 3289 συμπα-

251 3301 348 3352 λόντων
369 3303 409 3354 καί
433 3304 601 3374 ε’νισχυόντιου
623 3310 673 3357 τῶν
692 3304 756 3359 Ἰου-
836 3304 889 3357 θεῑν
901 3306 976 3377 αὑτῷ,
990 3306 1071 3359 πάντα
1085 3303 1205 3371 ὑπομένω.
1224 3299 1335 3374 Smyrn.

252 3378 334 3434 δαίων.
357 3378 392 3436 lb.
837 3403 862 3452 4.
904 3384 1004 3453 ἀμείβου
1019 3386 1075 3452 ὑμῖν
1088 3387 1160 3445 θεός,
1175 3383 1205 3436 δι’
1216 3381 1245 3436 δν
1257 3384 1338 3435 πάντα

209 3461 394 3533 ’Υπογραμμόα
436 3465 597 3533 ὑπομονῆς..
612 3508 618 3519 .
633 3467 755 3537 με’γιστος
835 3466 1006 3534 ὑπομένοντες.
1023 3482 1048 3536 9.
1085 3464 1165 3518 ἕνεκεν
1177 3467 1243 3517 θεοῦ
1257 3465 1338 3517 πάντα

252 3545 423 3615 ὑπογραμμός.
446 3543 533 3601 Clem.
557 3544 573 3600 I
596 3559 622 3617 5.
675 3546 713 3602 τίς
739 3550 754 3601 ό
835 3546 965 3613 ὑπομένειν
986 3546 1049 3614 ῆμᾶς
1073 3547 1119 3609 δεῖ,
1140 3544 1179 3598 ἵνα
1200 3545 1240 3597 καί
1263 3545 1338 3599 αὑτός

252 3627 415 3696 ὑπογραμμὺς
434 3630 448 3680 ό
469 3628 599 3696 δεδομένος
620 3627 683 3695 ῆμῖν.
709 3627 751 3683 16.
835 3626 897 3695 ῆμᾶς
910 3627 1037 3695 ὑπομείνῃ.
1056 3625 1149 3700 Polye.
1164 3643 1189 3697 3.
1218 3626 1262 3678 τόν
1275 3625 1337 3677 κατὰ

246 3707 368 3778 Ἐχοντες
388 3707 433 3762 οὑν
452 3713 540 3763 τοῦτον
559 3712 603 3762 τὸν
623 3709 752 3781 ὑπογραμ-
834 3710 915 3761 πάντα
930 3711 1024 3779 τρόπον
1037 3708 1067 3762 δι’
1082 3708 1144 3777 ῆμᾶς
1162 3704 1335 3776 ὑπομείναντα.

251 3792 308 3858 μόν.
330 3804 376 3858 33.
435 3792 754 3862 τοῦτον...ὑπογραμμόν
834 3786 871 3844 il).
914 3788 943 3845 ὑς
962 3791 1090 3858 ὑπέμεινεν
1108 3789 1171 3860 ὑπέρ
1189 3793 1238 3841 τῶν
1258 3792 1337 3857 όμαρ-

252 3871 323 3939 ἔθηκε
336 3869 367 3922 δι’
379 3872 475 3925 ἑαυτοῦ.
499 3870 592 3946 Polye.
609 3870 680 3927 Phil.
697 3873 723 3927 8.
834 3876 903 3925 τεῶν.
927 3868 1020 3944 Polyc.
1042 3868 1112 3926 Phil.
1135 3887 1157 3925 1.
1214 3869 1282 3922 ἀλλὰ
1305 3867 1337 3921 δι’

209 3951 339 4020 Ὺποδεῆς.
367 3955 396 4006 τό
410 3953 512 4010 ὑποδείς
525 3955 565 4008 διὰ
578 3957 622 4021 τῆς
635 3954 752 4022 ὑπακοῆς.
834 3951 897 4020 ῆμᾶς
911 3997 917 4008 .
930 3997 935 4007 .
950 3955 1047 4007 πάντα
1061 3952 1184 4020 ὑπέμεινε.
1201 3952 1227 4005 8.
1262 3951 1335 4020 διωγ-

252 4032 340 4090 Clem.
359 4031 373 4087 Ι
392 4051 433 4105 19.
473 4037 613 4106 Εὑεργεσία
625 4037 677 4091 τοῖς
690 4036 752 4090 ὑπο·
834 4037 882 4102 μὸν
894 4033 1023 4102 ὑπομένειν
1038 4033 1228 4102 ἀπειλῆσοντος.
1250 4028 1334 4086 Mart.

251 4115 401 4188 δεεστέροις.
424 4114 484 4190 lgn.
501 4114 615 4191 Fragm.
631 4114 666 4171 lv.
835 4113 897 4189 Igu.
923 4132 947 4169 2.
1000 4116 1105 4183 μάστιξι
1138 4114 1184 4183 μέν
1216 4113 1335 4179 καταξαν-

208 4196 369 4269 ’Υπόδειγμα
412 4195 452 4251 ίνα
478 4203 527 4251 τῶν
553 4199 664 4268 ἀρχαίων
691 4199 751 4252 ὑπο·

250 4279 390 4350 δειγμείτων
406 4279 570 4348 παυσώμεθα.
593 4276 680 4334 Clem.
694 4278 709 4333 I
724 4293 749 4350 5.

250 4362 281 4413 τό
297 4364 395 4426 γενναῖα
412 4361 589 4433 ὑποδείγματα.
611 4359 647 4415 lb.
691 4362 752 4415 ὑπό-

251 4441 340 4514 δειγμα
353 4443 491 4495 καλλίστου
503 4443 626 4514 έγένοντο.
643 4443 668 4496 6.
695 4451 751 4496 Τοι-

249 4521 331 4579 ούτοις
351 4522 395 4577 οὑν
415 4523 582 4595 ὑποδείγμοσι
603 4523 753 4591 κολληθῆναι

249 4606 290 4657 καὶ
316 4604 379 4673 ῆμᾶς
406 4604 451 4659 δεῖ.
478 4605 524 4673 46.
583 4605 753 4676 ὑποδείγματα

249 4685 335 4740 ε’θνῶν.
353 4700 399 4756 55.
433 4684 537 4758 τοιούτῳ
550 4683 677 4756 έχρῆσατο
691 4687 751 4741 ὑπο-

834 4196 950 4252 θέντες..
966 4196 1120 4265 .ὑπέμεινον.
1140 4193 1224 4252 Mart.
1241 4191 1334 4267 Polye.

837 4295 861 4332 2.
904 4279 936 4331 τίς
953 4275 1090 4349 τηρούμενα
1104 4280 1156 4333 τοῖς
1175 4274 1337 4344 ὑπομείνασιν

833 4359 926 4432 ἀγαθά.
947 4357 983 4415 ll).
1024 4359 1156 4427 ὑπέμειναν
1169 4358 1249 4413 δεινὰς
1262 4359 1335 4411 κολά-

834 4463 897 4496 σεις.
918 4438 954 4496 ib.
990 4442 1067 4510 ὁγὰρ
1080 4439 1138 4495 δούς
1150 4461 1192 4506 μοι
1207 4440 1336 4506 ὑπομεῖναι

833 4524 863 4575 τὸ
876 4526 935 4591 πῦρ.
962 4539 1005 4593 ¹3·

791 4602 1008 4672 ’Υπομιμνῆσκεεν
1064 4602 1165 4657 εἀυτοὺς
1199 4599 1333 4670 ὑπομιμνή-

832 4707 945 4741 σκοντες.
966 4681 1055 4739 Clem.
1072 4682 1086 4738 Ι
1102 4695 1127 4754 7.

790 4765 924 4835 ’Υπομονῆ
947 4767 1072 4834 ὑπομονῆς
1081 4767 1204 4835 βραβεῖον
1213 4764 1331 4833 ὑπέσχεν.

832 4844 920 4902 Clem.
946 4846 959 4901 I
982 4860 1007 4917 5.
1065 4847 1189 4914 ὑπομονῆς
1214 4845 1334 4916 μέγιστος

831 4928 1002 5000 ὑπογραμμός.
1023 4924 1060 4982 lb.
1103 4926 1153 5001 δηίη
1171 4927 1242 4994 πείσῃ
1257 4927 1333 4998 ψυχῇ

835 5009 994 5080 ...είρῆνην
1023 5007 1155 5076 ύπομονῆν.
1180 5010 1227 5077 58.
1299 5008 1335 5064 είς

830 5095 936 5158 μίμησιν
957 5093 1000 5160 τῆς
1026 5090 1120 5143 ἐκείνου
1139 5132 1163 5145 ..
1178 5133 1184 5144 .
1200 5090 1333 5158 ὑπομονῆς.

832 5168 947 5245 Fragm.
971 5170 998 5226 li.
1042 5170 1225 5242 ὑπολειφθῆναι
1238 5172 1332 5233 πίστει,

834 5249 1213 5326 ...bnopovfy.1gn.E1›h.3.
1243 5253 1332 5305 διάνοι-

830 5356 888 5393 αν..
900 5378 907 5391 .
926 5334 1067 5405 ἀδιάκριτον
1076 5333 1103 5386 έν
1113 5334 1232 5404 ὑπομονῆ.
1248 5330 1332 5388 Τι’1111.

1044 5432 1093 5488 q2

248 4767 369 4839 δείγματι.
393 4765 582 4841 Ign.Fragn1.
600 4764 617 4820 i.

206 4846 401 4903 Ὺποδεικνύνοι.
429 4849 476 4917 οὑχ
495 4847 692 4902 ὑποδεικνύουσα
708 4849 751 4902 αὑ·

248 4933 301 4984 τοῖς
322 4930 437 4984 έκείνους.
461 4927 548 4984 Clem.
568 4926 644 4983 112.
687 4929 749 4982 ὑπο-

248 5010 398 5079 δειχθέντων
429 5013 465 5082 τῷ
505 5012 568 5082 άγίφ
608 5013 748 5063 Ποτιόλων.

248 5087 332 5146 Mart.
356 5088 421 5165 Ign.
444 5103 469 5161 5.
517 5091 616 5146 ε’κείνοις
638 5091 666 5144 δέ
691 5090 750 5146 ὑπε·

248 5172 359 5225 δείκνυτο
385 5172 435 5226 ὑπὸ
462 5175 507 5225 τοῦ
535 5172 637 5242 Κυρίου.
663 5169 747 5227 Mart.

248 5249 341 5327 Polyc.
359 5269 383 5307 2.

205 5334 396 5405 ’Υποδίχεσθακ
438 5337 521 5391 καλῶς
536 5333 669 5402 ε’ποιῆσατε
687 5333 749 5389 ὑπο-
