3250 6617
316 1092 358 1154 10

356 1262 465 1329 νίζωμαι.
488 1256 552 1333 Ign.
569 1257 643 1334 Eph.
660 1262 687 1315 8.
737 1259 862 1331 Ἀγνίζετε

356 1343 426 1411 ὑμῶν
437 1343 467 1395 τὸ
481 1341 541 1410 ε’μδν
553 1345 657 1409 πνεῦμα.
680 1338 766 1396 Trall.
786 1358 830 1412 13.

315 1423 436 1496 Ἀγνοεῖν.
476 1422 627 1494 Ἀγνοοῦσιν
639 1423 689 1494 γὰρ
710 1422 797 1490 ἡλίκην
809 1423 864 1493 ἔχει

355 1505 471 1570 βάσανον
480 1504 495 1572 ἡ
505 1503 592 1557 ε’νθάδε
606 1504 756 1559 ἀπόλαυσις.
772 1500 861 1559 Clem.

358 1583 391 1640 II
409 1602 453 1640 10.
495 1584 646 1656 Ἐπείρασεν
660 1588 674 1638 6
688 1587 752 1641 θεὸς
765 1586 810 1639 τὸν
822 1584 865 1638 Ἀ-

356 1669 452 1737 βραάμ,
468 1668 513 1720 οὐκ
527 1666 623 1738 ἀγνοῶν
636 1667 675 1722 τίς
687 1664 725 1733 ἦν.
748 1663 862 1740 Fmgm.

358 1744 387 1802 ii.
428 1747 577 1820 ἀγνοοῦντες
599 1749 630 1801 τό
650 1749 774 1818 χάρισμα.
799 1746 863 1823 Ign.

358 1825 432 1904 Eph.
452 1840 495 1900 17.
548 1828 611 1900 ὅπερ
632 1833 647 1883 6
670 1829 768 1900 ἀγνοῶν
789 1829 867 1897 ἡδέως

357 1911 491 1979 λαμβάνει.
501 1908 585 1965 Trall.
600 1911 625 1966 6.
651 1909 700 1964 ‘ov
712 1933 777 1966 τινες
789 1911 865 1983 ἀγνο

357 1995 442 2048 οῦντες
452 1992 592 2063 ἀρνοῦνται.
604 1989 716 2066 Smyrn.
728 2004 754 2062 5.
783 2013 866 2062 προσ-

358 2076 424 2127 ποιεῖ
445 2074 473 2127 δὲ
493 2073 593 2145 ἀγνοεῖν
605 2095 644 2142 με.
667 2071 752 2129 Mart.
769 2070 864 2147 Polyc.

362 2171 406 2209 10.
450 2155 549 2226 ἀγνοεῖς
561 2156 611 2226 γάρ
621 2156 651 2208 τὸ
664 2157 709 2224 της
721 2154 867 2223 μελλούσης

359 2237 466 2307 κρίσεως
483 2280 506 2291 ,.
523 2279 529 2290 .
545 2241 605 2307 πῦρ,
632 2253 674 2291 11.
717 2235 867 2307 ἀγνοοῦντες

360 2316 403 2370 ὅτε
423 2320 482 2371 οὔτε
501 2319 546 2371 τὸν
558 2320 671 2389 Χριστόν
685 2339 748 2372 ποτε
767 2321 866 2371 καταλι-

359 2401 415 2452 πεῖν
428 2398 592 2468 δυνησόμεθα
612 2410 655 2470 17.

314 2478 431 2552 Ἀγνοια.
457 2480 544 2551 ἀγνοια
558 2481 696 2552 καθῃρεῖτο.
712 2477 775 2554 Ign.
792 2477 866 2553 Eph.

367 2578 412 2633 19.

319 2642 419 2714 ’Λγνός
457 2646 519 2713 όγνῇ
535 2641 679 2710 συνειδίησει
690 2644 773 2696 πάντα
786 2643 867 2696 ε’πιτε-

361 2726 424 2777 λεῖν.
447 2719 538 2779 Clem.
555 2720 570 2777 I
589 2740 613 2777 1.
655 2726 681 2778 τί
703 2723 788 2795 ἀγάπη
804 2724 868 2795 όγντ)

361 2806 480 2878 παράτῴ
494 2809 550 2879 θεῷ
569 2804 678 2860 δὺναται.
703 2821 749 2859 21.
791 2805 869 2876 θγνάς

362 2887 402 2940 καί
422 2887 555 2952 όμιάντους
572 2889 659 2957 χεῖρας
676 2884 797 2958 α’ίροντες.
822 2902 866 2956 29.

362 2965 490 3038 '1671062’1
505 2969 661 3035 συμπλοκάς.
684 2985 730 3040 30.
767 2968 869 3037 όόγνδς

363 3050 577 3119 ε’ντῇσαρκί...
598 3049 646 3120 38.
688 3052 732 3117 τῆς
744 3048 869 3120 φιλαδελ-

363 3130 425 3200 φίας
439 3128 717 3202 ἦμῶνδγνηνάγωγην.
735 3130 781 3199 48.
818 3132 869 3197 ἤτω

363 3212 438 3282 ἀγνός
458 3211 485 3263 ἐν
498 3211 587 3281 ἔργοις.
609 3209 646 3265 ib.
688 3212 731 3265 ε’ἀν
744 3211 777 3279 μη
795 3209 870 3281 τηρή-

365 3314 451 3358 σωμεν
471 3293 501 3345 τό
523 3294 658 3359 βάπτισμα
681 3295 764 3364 ιίγνόν.
787 3290 820 3346 ΙΙ
842 3291 868 3346 6.

364 3372 409 3441 την
435 3375 518 3444 σάρκα
545 3374 623 3445 ἁγνὴν
645 3374 807 3443 τηρήσαντες.
841 3374 869 3429 8.

364 3453 495 3524 Τηρησατε
508 3455 553 3523 τὴν
567 3457 651 3525 σάρκα
663 3454 749 3527 δγνίην.
771 3452 809 3509 ib.
845 3456 871 3507 ἐν

364 3535 457 3608 ἀμώμῳ
472 3537 511 3589 καὶ
525 3540 587 3606 ἀγνῇ
603 3535 753 3605 συνειδήσει.
773 3534 867 3609 Polyc.

366 3614 436 3671 Phil.
454 3631 479 3687 5.

324 3697 465 3768 Ἀγνῶμων.
495 3700 526 3751 τά
540 3699 644 3752 δοθίντα
657 3699 806 3770 παραμένειν
819 3702 871 3754 τοῖς

365 3779 515 3850 ἀγνώμοσιν.
540 3777 628 3834 Clem.
645 3778 757 3853 Fragm.
774 3798 798 3834 v.

325 3860 458 3932 Ἀγρίδιον.
509 3861 649 3928 ὑπεξῆλθεν
682 3863 717 3918 είς
750 3862 870 3932 ἀγρίδιον.

367 3939 452 3998 Mart.
470 3938 562 4014 Polyc.
581 3956 606 4011 5.
649 3944 744 4011 μετέβη
764 3943 801 3998 είς
820 3943 872 3997 ἔτε-

365 4023 543 4094 ρονάγρίδιον.
568 4023 594 4076 6.

321 4103 435 4175 Ἀγριος.
476 4106 540 4173 πρὸς
559 4106 589 4157 τό
609 4105 696 4175 ἀγριον
710 4108 791 4158 αὐτῶν
804 4107 873 4175 ὑμεῖς

366 4185 462 4255 ἥμεροι.
491 4182 553 4258 Ign.
585 4183 657 4259 Eph.
686 4203 728 4240 10.
782 4187 874 4257 θηρσὶν

366 4266 463 4337 ἀγρίοις
475 4266 635 4335 παραδοθείς.
651 4265 735 4323 Mart«.
754 4266 815 4342 lgn.
833 4283 860 4337 5.

327 4346 434 4418 Ἀγωγη.
457 4347 545 4414 ἀνάξια
555 4350 599 4415 τῆς
612 4349 640 4401 ἰν
648 4353 752 4423 Χριστηῖ
764 4350 871 4420 ἀγωγῆς.

368 4425 456 4484 Olem.
488 4426 501 4481 1
528 4442 573 4498 47.
627 4432 671 4497 τῆς
698 4432 874 4500 φιλαδελφίας

368 4509 646 4582 ἡμῶνδγνηνάγωγην.
670 4512 715 4580 48.

327 4591 416 4663 Ἀγών.
458 4591 541 4661 Ἀγὼν
559 4589 589 4660 ἢν
602 4593 659 4661 ὑμῖν
674 4593 766 4664 ἡμέρας
786 4616 813 4647 τε
835 4594 874 4647 καί

368 4675 461 4727 νυκτός.
487 4670 575 4726 (Ἲςιτι.
592 4671 608 4727 Ι
626 4691 650 4727 2.
694 4678 707 4726 6
726 4676 800 4731 αὐτὸς
818 4675 874 4741 ἡμῖν

368 4754 436 4826 ἀγὼν
449 4755 574 4809 ε’πίκειται.
593 4768 618 4826 7.
662 4755 696 4811 εἶς
716 4756 775 4811 τοῦς
788 4756 872 4827 φθαρ-

368 4836 427 4890 τοὺς
447 4836 544 4906 ἀγῶνας
564 4838 750 4890 καταπλέουσιν
770 4837 871 4892 πολλοί.

370 4914 401 4970 ΙΙ
417 4928 442 4988 7.
486 4917 605 4983 θῶμκν...
618 4918 701 4990 ἀγῶνα
715 4922 759 4972 τὸν
772 4919 872 4989 ἀφθαρ-

369 5020 419 5051 τον.
451 4996 486 5051 ib.
540 5001 554 5050 6
580 5002 624 5052 τὸν
650 5000 766 5070 φθαρτὸν
791 5001 876 5071 ἀγῶνα

369 5078 556 5149 ἀγωνιζόμενος.
579 5077 615 5134 ib.
658 5085 702 5134 τὸν
715 5084 759 5149 τῆς
774 5082 875 5152 ἀφθαρ·

370 5158 428 5215 σίας
441 5160 530 5228 ἀγῶνα.
552 5158 589 5215 ib.

328 5239 512 5310 Ἀγωνίζεσθαι.
550 5241 732 5311 ἀγωνισώμεθα
747 5244 876 5314 εὑρεθῆναι

369 5323 397 5375 ε’ν
409 5323 446 5396 τηῖ
461 5321 558 5394 ἀριθμηῖ
576 5329 628 5376 τῶν
646 5325 819 5393 ὑπομενόντων
832 5326 874 5378 αῦ-

674 1089 819 1153 ΙΝΒΕΧ
842 1089 1097 1154 VERBORUM

945 1261 995 1314 τόν.
1012 1255 1101 1315 Olem.
1120 1255 1135 1312 Ι
1151 1271 1197 1329 35.
1243 1257 1326 1313 Ὥστε
1341 1257 1393 1322 οὑν,
1407 1299 1452 1315 ...

944 1340 1135 1412 ἀγωνισώμεθα.
1151 1337 1183 1394 ΙΙ
1200 1351 1225 1410 7.
1268 1341 1291 1393 εί
1303 1340 1337 1409 μὴ
1351 1342 1375 1394 οί
1388 1341 1454 1395 πολ-

944 1423 979 1475 λά
1003 1423 1177 1484 κοπιάσαντες,
1198 1423 1238 1475 καὶ
1262 1424 1344 1478 καλῶς
1364 1421 1454 1492 ἀγωνι-

945 1505 1058 1571 σάμενοι.
1080 1502 1117 1559 ib.
1159 1502 1249 1572 Ἡμεῖς
1267 1501 1454 1572 οδνάγωνισῶ-

944 1585 1016 1654 μεθα,
1029 1581 1070 1638 ’ίνα
1082 1588 1174 1640 πάντες
1187 1584 1398 1655 στεφανωθῶμεν.
1414 1582 1451 1639 ib.

945 1668 986 1720 καί
999 1665 1182 1737 ἀγωνισώμεθα
1202 1663 1241 1719 ῖνα
1259 1667 1300 1719 καί
1320 1667 1454 1736 στεφανω-

946 1747 1035 1817 θῶμεν.
1058 1744 1098 1803 ib.
1141 1751 1155 1801 6
1176 1748 1221 1800 τὸν
1234 1747 1351 1818 φθαρτόν
1369 1746 1455 1819 ἀγῶνα

946 1829 1132 1901 ἀγωνιζόμενος.
1155 1826 1192 1884 ib.

901 1908 995 1982 ’ᾼδειν
1034 1909 1135 1978 Ἰησοῦς
1148 1911 1259 1981 Χριστὸς
1272 1906 1365 1979 ᾅδεται.
1389 1906 1452 1985 Ign.
1531 1913 1533 1916 ’

948 1989 1023 2066 Eph.
1040 2011 1067 2061 4.
1109 1990 1186 2061 ᾅδητε
1208 1992 1235 2044 ἕν
1253 1992 1326 2060 φωνῇ
1349 1995 1394 2061 μιᾷ
1413 1991 1454 2044 διά

946 2073 1033 2141 Ἰησοῦ
1046 2076 1160 2143 Χριστοῦ
1174 2075 1210 2146 τῷ
1224 2073 1316 2144 Πατρί.
1331 2069 1369 2127 ib.
1400 2070 1455 2142 ᾅδω

947 2156 992 2210 τάς
1013 2154 1153 2221 ἐκκλησίας.
1185 2150 1281 2227 Magn
1309 2170 1332 2208 1.
1373 2151 1455 2224 ᾄσητε

947 2239 983 2302 τῶ
996 2236 1089 2306 Πατρί.
1112 2232 1193 2291 Rom.
1213 2251 1238 2289 2.

907 2315 1029 2387 ’λδελφη
1071 2318 1131 2372 Ταῖς
1153 2316 1278 2387 ἀδελφαῖς
1300 2337 1350 2384 μου
1373 2336 1456 2387 προσ-

947 2400 1030 2453 λάλει.
1054 2396 1116 2471 Ign.
1133 2395 1228 2471 Polyc.
1245 2410 1271 2467 5.

907 2480 1116 2551 Ἀδελφοκτονία.
1148 2478 1244 2550 φθόνος
1256 2477 1456 2549 ἀδελφοκτονίαν

948 2562 1139 2633 κατειργάσατο.
1163 2557 1252 2616 Clem
1270 2557 1285 2614 Ι
1301 2577 1327 2628 4.

907 2643 1044 2713 Ἀδελφός.
1100 2642 1217 2712 ἀδελφοί.
1239 2638 1328 2698 (Hem.
1352 2638 1409 2706 11,
1426 2659 1455 2709 4.

953 2740 998 2795 13,
1016 2741 1060 2793 14,
1083 2740 1131 2795 33,
1151 2724 1198 2794 38,
1220 2740 1255 2792 41
1273 2730 1322 2792 ter,
1346 2734 1382 2792 45
1405 2718 1456 2788 ὸν.

951 2805 997 2874 46,
1013 2818 1059 2876 52.
1093 2803 1126 2859 ΙΙ
1145 2821 1168 2872 1,
1184 2822 1211 2873 4,
1230 2802 1313 2873 5121,
1333 2803 1359 2858 8.
1390 2801 1454 2876 Ign

950 2884 1034 2941 Rom.
1054 2886 1080 2941 6.
1104 2883 1198 2960 Polyc.
1223 2883 1294 2941 Phil.
1318 2902 1344 2957 3.
1368 2882 1454 2939 Mart.

951 2964 1045 3042 Polye.
1065 2984 1089 3036 1,
1112 2988 1139 3038 4,
1164 2984 1208 3022 22.
1265 2966 1376 3038 ἀδελφοί
1398 2987 1455 3033 μου,

950 3046 1040 3104 Olem.
1063 3047 1095 3109 II
1115 3059 1141 3119 7,
1160 3066 1204 3118 10,
1223 3064 1267 3102 11.
1300 3046 1363 3123 Ign.
1379 3043 1455 3121 Eph.

954 3129 997 3185 16.
1022 3127 1130 3185 Philad
1151 3147 1177 3202 3,
1193 3143 1219 3200 5.
1274 3127 1456 3194 ἀνδρεςάδελ·

950 3213 1004 3281 φοί-
1042 3209 1363 3283 Olem.114‚37,43.
1406 3209 1457 3264 ἀπὸ

950 3296 1091 3363 προσῶπου
1103 3293 1190 3347 Ἠσαῦ
1210 3296 1256 3346 τοῦ
1276 3292 1392 3362 ἀδελφοῦ
1412 3291 1458 3344 αὑ·

951 3379 1003 3429 τοῦ.
1020 3394 1047 3444 4.
1089 3375 1250 3446 ἐξεχώρησεν
1262 3376 1307 3443 της
1319 3375 1366 3445 γῆς
1379 3373 1458 3426 αὑτοῦ

952 3456 983 3510 δι’
997 3456 1119 3526 ἀδελφόν.
1147 3473 1193 3526 31.
1245 3455 1355 3526 ἀδελφοί
1375 3454 1459 3508 αὑτῶν

952 3538 1095 3609 εὑρηθῶμεν
1108 3541 1138 3606 τῇ
1153 3533 1278 3606 ε’πιεικείη.
1301 3534 1365 3610 Igu.
1382 3532 1455 3608 Eph.

957 3636 999 3674 10.
1043 3618 1160 3690 ἡάγάπη
1176 3623 1226 3671 τῶν
1238 3618 1368 3688 ἀδελφῶν.
1391 3613 1457 3671 Phi·

953 3698 1006 3755 lad.
1041 3717 1072 3754 11
1111 3705 1140 3755 et
1175 3698 1288 3772 Smyrn.
1321 3716 1365 3753 12.
1407 3697 1459 3765 ἅμα

952 3783 1084 3852 Ἐφεσίοις
1124 3784 1177 3836 τοῖς
1218 3781 1342 3851 ἀδελφοῖς
1382 3780 1458 3847 ὑμῶν.

954 3860 1067 3937 Smyrn.
1092 3879 1135 3916 12.
1177 3863 1235 3918 τοῦς
1256 3859 1338 3918 οἴκους
1360 3866 1412 3915 τῶν
1431 3861 1458 3913 ἀ-

953 3944 1058 4014 δελφῶν
1081 3967 1139 4010 μου.
1166 3961 1208 4016 13.
1261 3946 1315 3999 τοῖς
1336 3943 1460 4013 ἀδελφοῖς

953 4049 1002 4094 μου
1022 4027 1185 4098 παράγγελλε
1207 4025 1234 4078 ἐν
1253 4025 1356 4092 ὀνόματι
1373 4023 1460 4090 Ἰησοῦ

954 4111 1077 4178 Χριστοῦ.
1094 4105 1187 4180 Polyc.
1205 4119 1230 4176 5.
1266 4106 1326 4161 τοὺς
1339 4107 1366 4160 ε’ν
1377 4105 1460 4174 Ῥώμη

954 4193 1004 4242 τῶν
1016 4189 1136 4259 ἀδελφῶν
1154 4188 1268 4244 ἀκοντας.
1290 4185 1376 4243 Mart.
1395 4185 1459 4262 Ign.

956 4283 982 4341 5.
1024 4270 1070 4337 τὴν
1092 4270 1118 4322 ε’ν
1140 4267 1225 4342 ἐκείνην
1252 4272 1288 4342 τῷ
1314 4272 1385 4342 τόπῳ
1410 4273 1461 4322 τῶν

954 4352 1075 4422 ἀδελφῶν
1090 4351 1196 4422 ἀγάπην.
1218 4348 1257 4405 ib.
1300 4355 1461 4416 συναντῶμεν

954 4436 1007 4488 τοῖς
1019 4433 1148 4503 ἀδελφοῖς.
1166 4432 1192 4487 6.
1223 4433 1285 4498 μετὰ
1299 4433 1461 4503 γονυκλισίας

954 4517 1054 4567 πάντων
1066 4519 1116 4567 τῶν
1129 4513 1259 4583 ἀδελφῶν.
1275 4510 1312 4568 ib.
1340 4514 1404 4585 ὑπὲρ
1417 4514 1462 4580 τῆς

954 4600 1005 4648 τῶν
1017 4595 1137 4665 ἀδελφῶν
1153 4595 1188 4651 είς
1205 4593 1335 4663 ἀλλήλους
1354 4594 1460 4667 ἀγάπης.

955 4674 991 4731 ib.
1034 4675 1073 4730 ῖνπ
1087 4678 1172 4744 μηδενὶ
1186 4681 1236 4729 τῶν
1248 4676 1368 4747 ἀδελφῶν
1381 4677 1461 4747 ἀπαχ-

955 4758 1007 4825 θτῖς.
1029 4755 1068 4812 ib.
1120 4758 1188 4810 ἀλλά
1213 4759 1252 4810 καί
1279 4760 1374 4813 πάντας
1403 4759 1462 4814 τοῦς

954 4838 1093 4909 ἀδελφούς.
1116 4837 1202 4895 Mart.
1219 4835 1313 4912 Polye.
1331 4856 1354 4894 1.
1384 4838 1460 4892 ἀδελ-

954 4919 1158 4990 φδνδὶἊλκης.
1186 4930 1230 4990 17.
1272 4920 1462 4974 διάτοῦάδελ·

956 5004 1009 5072 φοῦ
1022 5001 1090 5070 ἡμῶν
1104 5003 1217 5073 Μάρκου.
1242 5017 1287 5056 20.
1329 5004 1382 5058 τοῖς
1402 5001 1460 5055 ε’πί-

956 5104 1023 5136 κεινα
1036 5083 1167 5154 ἀδελφοῖς.
1188 5081 1225 5138 ib.

916 5163 1083 5234 Ἀδελφότης.
1117 5165 1235 5235 Ἀγὼν...
1244 5164 1308 5235 ὑπὲρ
1321 5164 1405 5230 πάσης
1418 5165 1463 5232 τῆς

957 5245 1139 5316 ἀδελφότητα.
1164 5241 1253 5301 clem
1278 5242 1293 5299 I
1320 5261 1347 5300 2.
1382 5244 1463 5313 ἡτῆς

957 5326 1130 5397 ἀδελφότητος
1143 5325 1248 5398 στοργὴ.
1262 5323 1347 5383 Mart
1358 5324 1420 5400 Ign.
1432 5342 1461 5395 4.
