3250 6617
242 1056 306 1120 130
605 1059 637 1121 S.
661 1056 917 1122 CLEMENTIS

241 1237 263 1274 “
279 1227 431 1332 ἐθεώρεις
458 1228 623 1329 κλέιιτην,
649 1230 855 1336 συνέτρεχες
877 1231 985 1337 αὐτῷ,
1005 1231 1063 1308 καὶ
1089 1226 1180 1329 μετὰ
1200 1227 1277 1326 μοι’·

242 1366 264 1402 “
281 1391 357 1462 χων
373 1353 439 1455 τὴν
455 1359 579 1460 μερίδα
600 1393 670 1438 σου
696 1359 824 1444 ἐτίθεις·
853 1356 895 1438 τὸ
919 1354 1041 1458 στόμα
1062 1391 1133 1438 σου
1155 1352 1278 1438 ἐπλεό-

242 1492 264 1531 “
283 1518 391 1563 νασεν
427 1485 566 1582 κακίαν,
601 1489 659 1566 καὶ
687 1486 710 1585 ἡ
750 1486 912 1588 γλῶσσά
951 1520 1022 1566 σου
1057 1485 1282 1589 περιέπλεκεν

242 1622 264 1658 “
285 1609 485 1711 δολιιίτιγια·
534 1610 755 1717 κ[αθ]ήρενος
791 1610 882 1691 κατὰ
914 1618 977 1690 τοῦ
1013 1610 1176 1715 ἀδελφοῦ
1212 1643 1281 1690 σου

243 1749 265 1786 “
283 1736 502 1835 κατελάλεις,
535 1741 593 1818 καὶ
629 1737 719 1819 κατὰ
755 1747 819 1818 τοῦ
850 1742 926 1818 νίοῦ
958 1741 1022 1837 τῆς
1049 1734 1185 1841 μητρός
1212 1766 1308 1823 σον5

242 1876 264 1912 “
281 1867 400 1950 ἐτίθεις
418 1863 637 1945 σκάνδαλον·
667 1868 806 1972 το[ῡ]τα
821 1864 1006 1964 ἐποίησας,
1027 1867 1084 1945 καὶ
1106 1864 1278 1967 ἐσίγησα,

242 2004 265 2041 “
283 1993 471 2092 ὑπέλαβες,
505 1993 627 2093 ἅνομε,
656 1994 709 2075 ὅτι
736 1992 868 2093 ἔσομαί
893 2028 955 2074 σοι
983 1993 1115 2093 ὅμοιος·
1144 1990 1281 2097 ἐλέγξω

244 2133 265 2167 “
283 2155 338 2219 σε,
375 2125 431 2200 καὶ
467 2120 695 2224 παραστήσω
737 2154 782 2200 σε
827 2119 918 2201 κατὰ
959 2116 1157 2224 πρόσωπόν
1195 2154 1275 2203 σου.

244 2261 265 2297 “
284 2248 408 2329 Ericen
444 2246 487 2347 δὴ
524 2258 635 2330 ταῦτα
667 2253 699 2328 οἱ
736 2246 1048 2347 ἐπιλανθανόμενοι
1080 2254 1145 2327 τοῦ
1178 2253 1282 2340 Θεοῦ,

245 2390 265 2424 “
283 2377 419 2477 μήποτε
450 2376 597 2482 ἁρπάσῃ
627 2380 675 2462 ὡς
705 2375 809 2474 λέων,
840 2371 971 2474 καὶμὴ
1001 2370 1024 2480 ᾗ
1053 2376 1074 2454 ὁ
1100 2372 1279 2479 ῥυόμενος·
1297 2406 1388 2447 ιο

360 2506 370 2534 Ι
433 2509 441 2534 5
474 2504 485 2531 Ι
668 2502 679 2528 Ι
880 2507 891 2535 χ
928 2505 937 2528 9
973 2510 989 2526 Α
1018 2505 1026 2528 t
1055 2500 1066 2527 λ
1119 2499 1133 2529 ἢ
1224 2502 1233 2532 Ι

243 2517 264 2554 “
282 2511 390 2585 θυσια
407 2539 571 2591 αινεσεως
589 2502 735 2609 δοξασει
758 2538 814 2602 με,
836 2538 894 2583 και
919 2536 985 2582 εκει
1011 2505 1092 2588 οδος
1113 2537 1159 2601 ην
1179 2502 1282 2607 δειξο

245 2645 266 2679 “
284 2632 380 2740 αὐτῷ
398 2633 439 2713 τὸ
459 2628 637 2735 σονιήριον
654 2640 717 2712 τοῦ
736 2636 841 2713 θεοῦ.
848 2630 868 2657 ”

290 2894 313 2933 1.
346 2877 497 2950 αυνέτρεχες
523 2878 603 2954 αὐτῷ]
640 2875 747 2934 Prono·
780 2874 952 2953 impressis3
974 2874 1075 2934 (lodex
1092 2874 1170 2934 enim
1184 2874 1284 2936 MStus

245 2975 311 3014 men
338 2955 392 3015 boe
418 2964 513 3016 exstat
533 2958 564 3014 in
586 2956 656 3016 Ooel
682 2957 744 3015 MS.
781 2967 914 3013 ANOMAI
935 2957 1060 3034 praebet,
1076 2966 1111 3012 111
1131 2975 1185 3034 pro
1205 2966 1283 3031 sut

245 3037 289 3096 uti
311 3037 420 3095 Millius
436 3038 606 3115 jamdudum
624 3045 746 3098 testatus
780 3038 901 3114 saepius,
915 3037 1023 3116 positis.
1053 3037 1186 3097 Clemens
1195 3036 1282 3099 Alex-
1378 3058 1380 3063 ·

246 3127 296 3177 est.
333 3118 452 3195 Legitur
466 3120 552 3178 etiem
565 3121 642 3196 apud
656 3120 744 3178 LXX.
780 3119 926 3192 andrinus‚
939 3119 970 3177 in
989 3119 1035 3177 his
1047 3118 1142 3179 verbis
1155 3120 1283 3192 citandis

246 3200 383 3260 Attamen
406 3200 486 3258 abest
507 3201 543 3258 ab
562 3201 634 3259 Edd.
655 3201 747 3259 omni·
781 3201 852 3278 legit
872 3204 957 3273 «impe,
971 3201 1077 3259 Strom.
1092 3200 1123 3258 iv
1139 3200 1154 3276 §
1172 3220 1220 3274 24,
1235 3201 1282 3279 qui

246 3282 300 3340 bus
320 3290 386 3340 ante
400 3281 590 3354 Gallanffinm,
604 3303 697 3360 neque
717 3283 747 3341 id
782 3291 879 3343 tamen
900 3301 965 3340 cum
979 3282 1060 3339 LXX
1075 3281 1162 3342 habet
1174 3284 1282 3355 ι’ναμίυ,

246 3364 375 3441 agnoscit
391 3363 619 3422 Homemannus.
783 3364 889 3423 Strom.
912 3363 941 3420 vi
969 3362 984 3439 ξ
1013 3383 1056 3435 14.
1120 3362 1284 3424 Iactionem

288 3446 324 3503 ib.
339 3448 402 3515 μετὰ
411 3441 519 3524 μοίχον]
535 3466 601 3503 cet-m
610 3446 747 3517 adultero,
783 3465 868 3522 quam
882 3445 911 3502 111
925 3451 1040 3503 textum
1058 3444 1169 3517 1111111181,
1183 3446 1283 3504 confir·

247 3527 401 3585 Wottonus
415 3527 444 3583 iu
453 3526 589 3600 versione,
599 3528 749 3604 quasipmi
784 3534 872 3598 mant,
885 3533 960 3585 teste
973 3526 1119 3597 Wottono,
1135 3526 1284 3587 Verriones

248 3611 339 3681 μοι’χου
351 3608 467 3683 legisset
480 3627 545 3666 cum
558 3609 620 3666 edel.
636 3609 750 3666 Aldinis
785 3609 847 3685 Syr.
863 3607 949 3665 Arub.
965 3613 995 3666 ct
1008 3605 1140 3684 Vulgata

249 3697 278 3748 et
301 3688 444 3766 Complut.
470 3697 500 3748 et
522 3689 638 3748 Justino
661 3690 747 3749 Mart.
826 3693 852 3747 8.
887 3689 1045 3763 παραστήσω
1079 3712 1111 3744 σε
1138 3712 1163 3748 κ.
1187 3712 1213 3747 τ.
1243 3690 1282 3765 λ]

249 3771 280 3828 in
289 3771 565 3847 DialeTryphone.
589 3772 747 3849 §22,0pp.
786 3770 964 3848 Scripserant
1001 3768 1082 3827 Lxx
1127 3772 1286 3844 παραστήσει

250 3871 277 3929 p.
293 3871 348 3908 122
364 3853 406 3910 ed.
423 3852 492 3911 Ben.
785 3856 847 3908 κατὰ
876 3856 1016 3926 πρόσωπόν
1045 3875 1103 3908 σου.
1160 3850 1196 3909 Id
1220 3870 1286 3911 vero

291 3954 317 4005 4.
340 3936 485 4008 δολιόαητα]
518 3933 566 3991 Sic
593 3932 662 3992 cod.
686 3933 747 3992 MS.
786 3953 875 4010 quum
902 3934 1053 3991 obscurum
1073 3931 1230 4006 vides-etun,
1251 3952 1286 3992 ex

249 4035 315 4073 eum
329 4015 416 4072 Lxx.
450 4014 491 4073 At
503 4014 570 4072 libb.
586 4015 668 4092 impr.
684 4023 751 4073 ante
785 4013 1019 4092 praecedentibus
1039 4013 1208 4073 Psalmistae
1227 4034 1288 4074 ver-

250 4096 428 4168 Wottouum,
442 4116 550 4154 necnon
572 4095 752 4155 Horneman·
786 4097 839 4168 bis,
861 4094 1058 4174 explicationis
1077 4095 1179 4173 gratis,
1202 4115 1287 4174 appo

250 4198 310 4248 nus,
335 4177 470 4237 exhibent
492 4181 644 4249 δολιόιητας,
665 4199 752 4255 quam
786 4178 845 4236 suit
858 4176 980 4253 margini
992 4176 1065 4235 nlius
1077 4196 1236 4253 pronomen
1249 4202 1287 4249 αι,

250 4260 401 4318 lectionem
421 4260 558 4336 praebent
575 4259 637 4317 edd.
654 4259 749 4318 Aldin.
787 4259 859 4317 alius
886 4277 969 4317 voees
1002 4261 1047 4317 τὰς
1080 4262 1202 4332 ἁμαρτίας
1231 4284 1287 4317 σαν.

251 4349 281 4400 et
295 4342 437 4418 Complut.
448 4340 618 4399 etJustinus
631 4341 751 4418 Martyr,
788 4340 922 4418 Hincqne
944 4346 1044 4418 postea
1063 4339 1182 4411 librarii,
1204 4349 1288 4418 prout

251 4423 269 4481 l.
285 4443 308 4481 e.
788 4422 880 4494 libuit,
900 4429 951 4481 aut
971 4420 1182 4498 exscripsenmt
1201 4422 1288 4481 dnae

292 4504 329 4561 ib.
346 4506 408 4560 κατὰ
420 4509 466 4559 τοῦ
478 4505 594 4576 ἀδελφοῦ
603 4501 665 4585 σου]
680 4503 749 4563 Cod.
786 4524 852 4562 rum
865 4511 987 4575 textum,
998 4510 1049 4562 aut
1058 4527 1091 4559 cr
1100 4503 1288 4576 inseruerunt,

252 4585 355 4643 MStus
380 4595 688 4651 Torsnsueoraaor,
716 4605 752 4642 ex
786 4593 838 4644 aut
863 4585 1071 4661 subjunxerint
1097 4586 1143 4643 rte
1169 4588 1290 4660 ὁμηρείας

253 4665 403 4726 oscitantia
423 4665 530 4723 librarii
552 4666 601 4743 qui
623 4667 753 4724 eamdem
787 4691 845 4723 σου.
897 4665 1106 4725 Clementinam
1139 4665 1289 4725 lectionem

252 4749 365 4807 literam
378 4747 422 4805 bis
436 4747 570 4805 exaravit.
787 4746 969 4823 amplectitur
997 4747 1099 4805 Glossa
1124 4747 1156 4806 in
1183 4747 1291 4807 (latens

296 4845 321 4903 7.
337 4825 424 4908 ὄνομα]
443 4829 490 4888 Ita
509 4827 696 4905 proculdubio
714 4828 754 4885 le-
789 4827 884 4886 Aurea
903 4849 988 4905 super
1010 4828 1144 4900 Psalmos
1159 4834 1189 4888 et
1202 4827 1291 4908 Apol·

254 4911 379 4987 gendum
389 4930 454 4967 eum
463 4912 554 4968 Wott.
565 4909 638 4968 Gall.
651 4909 753 4968 Schoe·
788 4909 906 4968 linarius
926 4910 1031 4969 citatus
1050 4929 1068 4967 a
1091 4909 1291 4970 concinnatore

255 5011 327 5049 uem.
344 4991 436 5049 Helel.
451 4991 576 5049 Reithm.
592 4991 752 5050 Dresselio:
788 4991 906 5049 alterius
923 4991 1047 5051 Catenae
1068 4991 1182 5051 Aureae
1200 4991 1232 5050 in
1253 5008 1290 5066 50

256 5091 312 5129 non
333 5075 436 5143 ἀνομίαν
451 5092 516 5130 eum
535 5072 654 5131 caeteris
674 5072 754 5131 libris
788 5072 898 5149 priores
925 5072 1059 5146 Paulines,
1086 5073 1137 5131 ubi
1171 5094 1289 5152 praepo·
