3250 6617
450 1072 511 1137 AD
530 1070 816 1151 CORINTHIOS,
838 1071 945 1135 xxxvi.
1153 1073 1217 1137 138

227 1244 412 1322 XXXVI.
438 1244 542 1321 Haec
566 1255 624 1321 est
646 1246 716 1333 via,
742 1245 875 1332 dilecti,
898 1244 937 1318 in
962 1271 1035 1344 qua
1059 1243 1218 1319 salutare

173 1374 346 1441 nostrum
373 1362 401 1439 J
402 1389 504 1437 esum
531 1362 730 1449 Christum,
757 1361 981 1436 oblationum
1012 1372 1218 1436 nostrarum

175 1508 363 1557 summum
395 1480 628 1567 sacerdotem,
662 1479 886 1554 infirmitatis
920 1490 1064 1554 nostrae
1097 1490 1218 1579 patro
1231 1503 1374 1581 namur

174 1625 268 1673 num
301 1607 341 1673 et
369 1597 604 1685 defensorem,
629 1596 847 1671 invenimus.
900 1596 971 1670 Per
999 1597 1096 1671 hunc
1129 1598 1218 1671 coeli
1231 1584 1287 1632 '³’
1305 1584 1332 1618 n
1345 1582 1382 1631 ¹⁵'

175 1714 415 1791 altitudinem
452 1713 681 1814 adspicimus,
715 1740 781 1811 per
821 1712 919 1786 huno
951 1712 1097 1787 vultum
1140 1712 1219 1812 ejus

176 1832 452 1907 immaculatum
478 1840 516 1906 et
533 1830 716 1905 excelsum
732 1838 909 1929 tanquam
933 1829 972 1902 in
997 1828 1142 1929 speculo
1164 1830 1219 1902 in-

176 1962 336 2037 tuemur,
354 1974 422 2049 per
445 1948 543 2022 hunc
569 1945 663 2021 oculi
692 1946 809 2021 cordis
838 1947 956 2021 nostri
977 1947 1096 2046 aperti
1120 1958 1219 2035 sunt,

176 2090 244 2165 per
271 2064 370 2139 hunc
398 2062 607 2139 intellectus
640 2071 765 2137 noster
797 2063 973 2162 insipiens
1007 2073 1045 2137 et
1071 2064 1218 2138 obtene·
1234 2086 1297 2151 ομ,
1311 2086 1384 2135 rue.

176 2180 306 2255 bratus
331 2181 372 2253 in
398 2179 648 2255 admirabilem
673 2179 752 2280 ejus
778 2178 897 2253 lucem
925 2180 1132 2279 repullulat,
1153 2208 1218 2280 per

176 2296 276 2371 hrmc
290 2296 411 2371 voluit
426 2323 493 2371 nos
509 2296 691 2371 Dominus
707 2295 949 2370 immortalem
975 2298 1217 2396 cognitionem

176 2424 351 2513 gimtare3
377 2414 443 2513 qui
458 2413 661 2513 mejestatis
678 2413 757 2513 ejus
776 2413 901 2487 radius
923 2414 1094 2502 existens,
1111 2424 1217 2489 tanto
1234 2442 1300 2491 seb.
1311 2442 1384 2505 13,4.

174 2660 355 2735 φνπσμὸσνκ
378 2662 439 2720 τοὺς
464 2661 614 2735 ὀφθαλμοὺς
636 2664 681 2732 τῆς
714 2661 1026 2737 οοοοοοτιισοηνὶοοντ,·
1041 2660 1218 2721 Colomesius

174 2743 374 2814 οισνοέοτῦμόν.
714 2742 928 2819 interpretatur,
956 2744 991 2801 in
1017 2743 1218 2803 admirabilem

217 2822 257 2881 ib.
271 2826 313 2881 aa
322 2822 413 2881 τούτου
422 2825 438 2894 ἡ
448 2824 569 2883 ἀσύνετος
579 2823 675 2893 eale]
714 2824 775 2899 ejus
788 2824 878 2883 lucem
890 2824 1061 2902 reflorescit;
1076 2825 1216 2884 Schoene-

145 2940 148 2945 -
175 2902 302 2963 Videtur
325 2904 355 2964 S.
380 2904 466 2963 Pater
491 2904 617 2963 alludere
642 2904 680 2962 ad
714 2924 844 2976 mannus,
866 2908 1015 2981 oaauryit,
1038 2906 1217 2964 Horneman·

176 2984 285 3045 Romi
300 3004 347 3059 21,
361 2990 409 3043 Kal
422 2987 559 3057 ἐσκοτίσθη
573 2988 589 3057 ἡ
602 2987 680 3042 detn-
714 3007 776 3052 nus,
791 2988 981 3046 revirescendo
997 2988 1039 3045 ad
1057 2988 1218 3048 antestitem

176 3090 235 3127 ιτοσ
260 3070 344 3125 αἰτίαν
364 3069 461 3141 raptio.
516 3066 557 3126 Et
578 3067 595 3125 I
617 3067 677 3126 Pet.
715 3068 874 3144 οηόνίοοσνη
882 3069 1129 3145 promtissimam·
1144 3070 1217 3129 Che-

176 3146 199 3207 ἱὶ
213 3168 242 3225 9,
255 3154 301 3205 τοῦ
313 3150 341 3205 έκ
354 3154 463 3208 σκότους
475 3151 539 3221 ὑμᾶς
557 3151 680 3206 καλέσον-
714 3149 867 3221 valllerius,
881 3149 1041 3230 rejot‘cee(to
1055 3150 1218 3229 bedoldstcie

175 3254 221 3290 τον
242 3234 279 3289 εἶτ
298 3234 329 3287 τὸ
349 3232 495 3303 dmm-etv
515 3233 591 3287 αὐτοῦ
614 3235 679 3303 φῶς.
714 3230 876 3306 wmulerflal
902 3231 973 3306 liqlo
986 3255 999 3303 ,·
1047 3232 1217 3292 Guilielmus

175 3310 284 3371 Jnnius
303 3330 356 3390 pro
374 3312 511 3369 ἄνσθάλλο
528 3312 681 3389 legendum
716 3310 836 3376 Burtou.
869 3314 987 3390 φήμην
1020 3323 1048 3371 to
1080 3336 1100 3371 ο
1133 3315 1219 3389 fresh

176 3399 263 3472 putat
282 3394 385 3465 ἀναθρεῖ
405 3392 451 3451 vel
472 3394 614 3466 ἀνσθωρεῖ,
634 3392 680 3451 vel
715 3392 896 3470 ἀοτσηίνιηοε
909 3395 955 3452 lna
965 3395 1126 3470 wonderful
1138 3396 1216 3472 ἰὶηΙνι.

176 3472 273 3533 locum
294 3474 439 3551 integrum
465 3473 507 3532 ita
531 3474 611 3552 legit,
633 3476 681 3530 Aul
716 3473 880 3533 Clausulam
904 3482 995 3535 totam
1022 3479 1063 3533 ae
1089 3478 1179 3533 τούτου
1203 3480 1217 3548 ἡ

177 3560 255 3612 τοῦτο
277 3558 306 3613 έν
320 3557 437 3632 ἀσυνέτῳ
456 3559 497 3612 καὶ
516 3557 681 3628 κ’σκοτισμένη
715 3557 837 3615 ἀσύνετος
857 3557 893 3614 ad
914 3561 990 3614 αὐτοῦ
1011 3562 1069 3631 φῶτ
1091 3566 1217 3636 praeter-

177 3638 273 3710 tm'p
293 3636 363 3708 ἡμῶν
378 3638 514 3693 ἀνατέλλει
533 3641 563 3694 τὸ
586 3639 680 3707 dovea-
715 3637 808 3696 mittit
821 3636 988 3714 Herzogius.

178 3720 244 3775 ndu
262 3720 340 3775 αὐτοῦ
362 3720 429 3791 φὸκ.
469 3717 590 3776 Minime
612 3738 681 3777 vero
756 3722 782 3777 8.
813 3715 983 3798 ἐσκοτωμένη]
1023 3718 1108 3777 Hanc
1139 3719 1219 3778 MSti

177 3796 295 3859 ferenda
327 3806 372 3859 eet
406 3798 476 3858 haec
509 3799 680 3873 emendatio,
715 3800 868 3859 lectionem
888 3800 1025 3859 exhibent
1039 3800 1127 3859 Wott.
1146 3802 1218 3860 Ilus-

178 3900 268 3959 quum
288 3900 346 3939 non
364 3888 479 3941 tantum
497 3881 559 3939 MS.
581 3901 681 3939 verum
715 3882 763 3939 sel.
775 3881 849 3940 Gall.
860 3880 952 3939 Hefel
965 3882 1219 3941 Reithm.etDres-

178 3962 308 4023 cemes
318 3962 451 4022 Clemens
460 3962 542 4021 Alex.
560 3960 678 4043 [Strom.
716 3963 809 4021 sellus.
854 3963 975 4036 (laeteri,
990 3983 1056 4022 cunr
1070 3964 1219 4023 Clemente

179 4042 209 4101 lv
227 4046 274 4116 16,
298 4064 326 4122 p.
353 4045 410 4119 613
434 4045 477 4104 ed
502 4045 608 4103 Potter.
632 4044 682 4122 qui
716 4044 919 4117 Alexandrino,
946 4045 997 4123 qui
1023 4045 1099 4104 hunc
1125 4046 1219 4104 locum

178 4122 252 4185 hauc
274 4125 427 4185 lectionem
446 4134 546 4185 contra
560 4125 682 4185 Junium
717 4126 788 4186 citat
804 4130 854 4183 Διὰ
871 4128 957 4197 Ἰησοῦ
977 4133 1089 4201 Χριστοῦ
1109 4129 1124 4198 ἡ
1143 4129 1219 4184 tuda

178 4206 292 4267 wille
317 4214 417 4268 tuetur
460 4208 594 4267 exhibeat
624 4210 682 4265 ἄνο-
716 4233 779 4280 κτοτ,
794 4252 801 4265 .
817 4251 823 4265 .
838 4253 845 4266 .
861 4210 924 4281 τήμᾶκ
942 4209 1092 4284 γεύσασθαι,
1112 4208 1218 4267 Strom.

179 4288 278 4345 θάλλει.
312 4287 350 4346 W
427 4289 491 4348 ΟΝ.
561 4290 682 4363 Quando
717 4290 755 4349 iv.
774 4291 818 4363 16,
839 4309 866 4367 p.
888 4293 954 4364 613,
978 4289 1020 4347 ed
1044 4289 1160 4361 Potter.,
1181 4290 1220 4349 lc-

179 4368 267 4428 verbe
286 4368 324 4428 D.
340 4370 421 4429 Pauli
441 4371 595 4449 perpendo,
615 4371 681 4429 Phl-
717 4379 790 4447 gunt
816 4374 991 4442 ἐσκοτωμένη.
1041 4371 1083 4429 Cf.
1114 4371 1219 4448 Ephes.

178 4448 228 4528 lip.
243 4447 276 4509 iv
289 4468 334 4524 10,
347 4452 497 4526 Ἔχόμηνέν
510 4455 594 4528 Κυρίῳ
606 4456 683 4526 μκγό·
717 4452 747 4510 lv
779 4455 823 4524 18,
851 4454 1026 4524 ἐσκοτωμένοι
1052 4458 1082 4523 η’)
1116 4455 1218 4524 διανοίᾳ.

179 4534 241 4597 Mt.
269 4532 310 4588 ὅτι
335 4534 383 4605 ἤδη
403 4536 466 4591 ποτέ
492 4535 627 4590 ἀνεθάλετε
653 4536 683 4589 τὸ
718 4534 801 4592 Rom.
817 4533 827 4591 l
844 4552 890 4605 21,
910 4535 1046 4604 ἐσκοτίσθη
1067 4535 1082 4604 ἡ
1100 4534 1221 4591 ἀσύνετον

180 4614 245 4688 ’πέμ
259 4614 322 4685 ἐμοῦ
334 4618 447 4687 φρονεῖν·
467 4614 517 4672 ubl
531 4620 610 4673 certo
623 4633 683 4673 cer·
718 4618 798 4671 αὐτῶν
810 4618 906 4689 καρδία.

179 4692 239 4753 tina
251 4699 304 4765 est,
318 4714 417 4753 vocem
430 4697 564 4753 ἀνσθολλο
583 4693 684 4772 reponi
762 4716 806 4754 1ο.
822 4697 850 4755 ὃς
868 4698 904 4751 ὣν
919 4692 1085 4775 ἀπαύγασμα]
1103 4694 1150 4752 Ex
1169 4694 1222 4753 hu-

179 4794 232 4853 per
243 4775 444 4852 metaphoram
455 4776 564 4854 pariter
584 4777 685 4835 duram
714 4777 841 4854 jusmodi
863 4776 1047 4835 citationibus
1068 4775 1128 4835 sive
1151 4776 1221 4835 allu-

180 4862 211 4917 et
222 4856 402 4931 insolentem,
412 4856 484 4916 nihil
497 4857 579 4917 facile
592 4866 685 4916 muta-
719 4858 846 4917 sionibus
859 4858 895 4915 ad
911 4857 1001 4935 Epist.
1017 4857 1054 4915 ad
1068 4858 1142 4916 Heb.
1156 4878 1222 4917 con·

180 4938 280 4999 verim.
301 4938 414 4997 FELL
465 4938 540 4998 Vrde
559 4939 598 4999 sis
619 4939 683 4998 Sui·
718 4948 794 4999 stare
830 4947 934 5016 potest,
962 4959 1025 4998 eam
1053 4939 1220 5016 Epistulam,

180 5038 280 5080 cerum
292 5018 324 5079 in
337 5018 421 5079 Thes
434 5020 539 5080 Eccles.
551 5040 611 5079 voc.
626 5023 684 5077 ἀνα·
718 5021 786 5081 licet
805 5042 823 5079 a
836 5022 966 5080 Romana
987 5020 1113 5080 Ecclesia
1132 5041 1222 5098 paene

181 5102 277 5162 θάλλει
318 5100 425 5161 Junius
443 5102 616 5161 inversione
636 5122 686 5161 ex·
719 5122 771 5180 per
786 5102 1009 5180 quadringentos
1026 5122 1115 5162 annos
1134 5103 1222 5163 fuerit

180 5182 684 5261 himmirobilemejmhtcemot
720 5204 736 5243 e
760 5185 848 5245 Sacro
871 5184 988 5246 Oenone
1007 5184 1120 5263 rejecta,
1144 5191 1221 5262 post
