3250 6617
359 1050 424 1114 232
724 1045 756 1107 S.
780 1043 1037 1108 CLEMENTIS

197 1262 323 1314 Εωιωῑω
417 1219 457 1299 B'
504 1229 525 1264 “
417 1216 769 1366 ΒΕῠφρθνθηπι
801 1223 925 1320 στεῖρα
953 1217 974 1315 ἡ
1007 1218 1048 1296 οὐ
1077 1217 1259 1311 τίκτουσα,
1287 1215 1402 1320 ῥῆξον

196 1332 326 1446 limi}
361 1356 382 1392 “
399 1345 457 1424 καὶ
484 1342 665 1495 βόησον
647 1378 668 1440 η
693 1343 756 1421 οὐκ
784 1341 1014 1437 ὠδίνουσα,
995 1376 1048 1421 on
1074 1339 1200 1420 πολλὰ
1227 1375 1271 1421 τα
1256 1339 1403 1422 τέκνα

195 1462 341 1513 ‘mm‘
361 1483 382 1521 “
399 1475 463 1571 τῆς
494 1469 637 1574 ἐρήμου,
670 1466 858 1567 μαλλον
839 1505 862 1568 η
892 1472 956 1567 τῆς
985 1465 1199 1574 ἐχούσης
1163 1502 1227 1548 τον
1253 1467 1401 1572 ἅνδραῗ

352 1595 475 1681 ⁶⁹0
443 1632 549 1695 ειπεν,
585 1608 607 1644 “
619 1594 849 1704 Εὐφράνθητι
891 1603 1014 1699 στεῖρα
1051 1595 1072 1694 ἡ
1113 1597 1154 1677 οὐ
1195 1596 1400 1694 πίκπονσα,”

359 1729 450 1827 ἡμᾶς
482 1722 586 1806 εἶπεν·
622 1731 744 1828 σπεῖρα
777 1724 848 1827 γὰρ
876 1721 921 1822 ἦν
949 1725 972 1823 ἡ
999 1723 1173 1821 ἐκκλησία
1202 1724 1301 1822 ἡμῶν
1329 1723 1433 1828 πρὸ5

359 1864 423 1936 τοῦ
448 1858 591 1952 δοθῆναι
614 1854 703 1957 αὐτῇ
730 1851 846 1931 τέκνα.
896 1849 951 1932 Ὃ
981 1852 1017 1932 δὲ
1045 1847 1151 1948 εἶπεν,
1172 1863 1193 1898 “
1208 1850 1351 1950 Βθησον
1380 1854 1401 1951 ἡ

360 1995 383 2030 “
401 1987 464 2062 οὑκ
492 1982 698 2077 ὠδίνουσα,”
718 1989 823 2061 τοῦτο
850 1979 956 2082 λε’γει,
980 1979 1044 2066 τὰς
1070 1977 1274 2085 προσευχὰς
1301 1982 1402 2079 ἡμῶν

371 2113 380 2134 e
449 2117 464 2133 n
526 2113 534 2135 2
623 2110 633 2138 Ι
781 2107 792 2135 ἱ
869 2107 880 2135 ἱ
1000 2106 1008 2133 Ι
1116 2107 1125 2134 Ι
1190 2111 1199 2133 t
1278 2113 1286 2132 0
1331 2113 1340 2137 5
1377 2111 1386 2136 t

360 2121 486 2195 απλως
514 2116 699 2217 αναφερειν
728 2143 818 2213 προς
844 2144 907 2189 τον
938 2114 1044 2204 Θεον,
1077 2144 1141 2207 μη,
1177 2142 1225 2193 ως
1252 2143 1288 2188 αι
1318 2114 1400 2189 ωδι-

361 2274 499 2336 νονσαι,
526 2241 738 2340 ε’γκακῶμεν.
787 2236 842 2318 Ὃ
871 2238 907 2317 δὲ
935 2233 1042 2334 εἶπεν,
1065 2233 1181 2316 “⁰Ore
1203 2236 1330 2316 πολλὰ
1357 2238 1403 2318 τὰ

361 2379 383 2415 “
400 2367 503 2447 τέκνα
537 2371 601 2467 τῆς
636 2366 777 2471 ἐρήμου,
816 2373 960 2464 μᾶλλον
994 2363 1015 2465 ἢ
1052 2369 1115 2464 τῆς
1150 2363 1303 2470 ἐχούσης
1338 2362 1401 2446 τὸν
1419 2397 1454 2434 ¹0

362 2508 382 2543 ‘⁶
400 2496 547 2600 ἅνδρα·”
575 2497 644 2575 ἐπεὶ
672 2495 799 2598 ἕρημος
823 2491 929 2573 ἐδόκει
961 2491 1046 2572 εἶναι
1073 2492 1232 2573 ἀπὸτοῦ
1259 2498 1355 2574 θεοῦ
1382 2497 1402 2572 ὁ

360 2622 450 2708 λαὸς
467 2624 580 2722 ἡμῶν,
602 2627 675 2702 νυνὶ
694 2621 731 2700 δὲ
751 2618 1019 2717 πιστεύσαντες,
1038 2621 1198 2705 πλείονες
1214 2619 1403 2721 ἐγενόμεθα

362 3010 402 3062 καὶ
424 3008 463 3062 ὅτι
483 3009 602 3078 μηδεμίαν
622 3010 713 3064 ἐλπίδα
736 3012 860 3080 σωτηρίας
900 3009 1004 3067 mendo
1029 3011 1189 3080 ε’κκαμοῦμεν,
1243 3012 1400 3080 εἰεκακοῦμεν.

362 3091 453 3160 ἔχομεν
466 3091 488 3143 εἶ
505 3090 548 3160 μὴ,
562 3113 583 3145 κ.
597 3112 619 3145 π,
630 3093 655 3144 λ.
901 3104 959 3164 735
983 3090 1007 3148 C
1035 3096 1104 3148 tom.
1131 3090 1149 3148 i.
1181 3089 1268 3147 Paris,
1298 3093 1400 3166 1840]

407 3188 430 3225 1.
455 3171 618 3243 Εὐφράνθητι
641 3172 744 3244 στεῖρα]
767 3170 859 3227 Locus
901 3171 1037 3230 (lOTEL.
1081 3174 1222 3245 ε’γκακῶμεν
1242 3171 1321 3230 MSti
1346 3173 1402 3231 lec-

362 3248 408 3306 hie
423 3249 497 3307 Esai.
515 3250 554 3307 liv
572 3269 583 3306 1
603 3252 639 3308 ab
660 3251 728 3328 ipsis
742 3252 860 3309 ludaeis
900 3253 1008 3311 tionem
1042 3259 1141 3311 tuetur
1176 3253 1331 3311 Wottonue
1365 3274 1402 3312 ex

362 3331 399 3388 ed
423 3331 544 3390 Messiae
564 3339 695 3409 tempora
718 3333 840 3391 refertur
852 3353 859 3403 3
902 3333 1056 3410 Hesychio,
1083 3334 1133 3410 qni
1165 3333 1252 3393 habet
1281 3337 1402 3409 omi·-

363 3420 392 3471 et
406 3413 442 3469 ab
453 3412 593 3489 Apostolo
607 3414 638 3471 in
651 3414 723 3471 hanc
734 3422 860 3472 mentem
902 3419 984 3487 ὑφόω.
1029 3415 1187 3474 Cotelerius
1207 3416 1317 3475 mavult
1330 3420 1403 3473 ἑκκα-

363 3494 503 3565 laudetur,
518 3494 580 3552 Gal.
597 3495 625 3552 iv
642 3509 685 3569 27.
710 3496 818 3553 FELL.
902 3504 989 3567 κὼμεν,
1005 3495 1175 3572 deficiamus.
1200 3494 1297 3577 [quem
1310 3498 1401 3556 secuti

405 3591 430 3648 5.
453 3578 468 3645 ἡ
491 3579 610 3646 ἐκκλησία
634 3579 714 3650 ἡμῶν]
741 3577 862 3652 Hilgen-
903 3585 971 3635 sunt
987 3579 1078 3639 Helel.
1098 3586 1127 3636 et
1142 3578 1324 3651 Dresselius.]
1371 3579 1402 3638 Si

362 3657 464 3715 feldius
488 3658 614 3734 exponit,
639 3660 685 3717 die
713 3658 863 3717 Gemee'nde
903 3660 939 3716 ad
953 3664 1088 3716 ὠδίνουσαι
1106 3661 1272 3736 respexeris,
1287 3668 1399 3719 utrum-

362 3739 413 3796 der
426 3740 547 3797 Ileidea.
903 3760 958 3817 que
972 3749 1048 3799 reete
1062 3741 1118 3798 dici
1132 3741 1234 3817 potuit.
1257 3741 1314 3799 Sed
1324 3742 1404 3817 judi·

406 3841 430 3894 9.
451 3817 613 3899 ε’γκιικῶμεν.]
635 3820 732 3878 Verbo
751 3824 862 3895 κ’γκακεῖν
902 3822 977 3879 olum
998 3823 1083 3900 dirigi
1104 3823 1189 3881 debet
1205 3823 1241 3879 ad
1261 3823 1404 3899 significa·

364 3921 430 3958 usus
451 3902 544 3959 fuerat
561 3902 748 3977 Symmachus
767 3904 861 3960 Inter·
901 3911 964 3962 tum
978 3910 1023 3959 τοῦ
1036 3909 1142 3975 ὁπλῶςς
1163 3903 1276 3980 quodsi
1290 3904 1404 3980 simpli-

363 4003 436 4059 pres,
458 3984 544 4040 Num.
561 3983 653 4055 xxi5‚
674 3992 788 4042 vertens
809 3988 859 4039 ἐνε-
902 3985 978 4054 citer,
999 3985 1136 4043 ιιιθιαὶινι
1161 3993 1264 4055 vertas
1293 3987 1404 4062 praefe-

365 4089 479 4136 κακησεν,
503 4064 579 4141 quod
608 4064 689 4121 LXX
717 4073 862 4124 verterant
903 4066 990 4123 rende
1008 4066 1063 4125 erit
1076 4066 1160 4125 lectio
1174 4066 1275 4138 MSti3
1296 4067 1339 4124 sin
1361 4089 1403 4126 oe

363 4149 551 4247 προσώχθισεν.
604 4145 728 4203 Praetuli
755 4154 861 4212 tamen,
902 4149 964 4218 mel,
978 4169 1041 4204 απα
1054 4149 1112 4205 viee
1125 4148 1328 4225 interpreteris
1341 4169 1404 4208 rec-

364 4230 509 4297 'exartum
489 4224 586 4307 v[sic
609 4227 695 4286 etiarn
719 4225 802 4307 Fell]
825 4229 862 4287 ob
902 4228 993 4286 tins’
980 4236 1118 4300 εκκακῶρεν
1137 4229 1252 4300 scribas,
1271 4229 1316 4287 eui
1338 4232 1403 4308 qni-

365 4307 431 4365 Luc.
448 4309 631 4386 xviii1,quo
647 4310 804 4385 respexisse
818 4309 859 4367 vi·
902 4309 967 4367 dem
989 4310 1126 4368 vocabulo
1149 4275 1281 4388 nequens
1307 4331 1403 4371 sacro

364 4390 448 4447 detur
475 4389 625 4448 Clemens:
649 4391 745 4464 Ελεγε
772 4394 799 4447 δέ
822 4396 861 4446 καὶ
901 4411 967 4448 rum
982 4391 1058 4448 Novi
1072 4391 1245 4451 Testamenti
1261 4392 1402 4452 librorum

363 4477 465 4544 παραβο
465 4475 513 4543 λην
522 4476 724 4544 αὖτοῖοπρὸςτὸ
738 4476 789 4528 δεῖν
775 4476 860 4528 νπάν·
901 4492 968 4530 usus
993 4472 1171 4549 suffragatur
1197 4473 1404 4533 SCHOENE·

363 4577 419 4608 τοτε
443 4554 643 4626 προσεύχεσθαι
669 4557 707 4609 καὶ
730 4556 804 4624 μὴ’
791 4578 860 4609 εκκα-
902 4553 999 4611 MAN.
1042 4554 1218 4612 Vendellnus
1233 4556 1329 4620 vertit,
1347 4577 1404 4632 ρα-

364 4639 421 4691 κεῖν
445 4634 538 4692 Simili
552 4635 637 4692 modo
648 4642 765 4711 propter
775 4635 863 4693 verba
902 4636 1041 4692 martirem
1073 4636 1177 4707 laetor,
1204 4636 1403 4712 miseremur

364 4714 504 4792 Apostoli,
543 4716 680 4793 Ephes.
673 4716 703 4772 rii
736 4735 780 4789 13,
816 4722 862 4771 Διὸ
902 4717 1089 4792 probantibus
1103 4681 1263 4777 Colomesio
1277 4726 1306 4777 et
1320 4718 1404 4779 Wot·

361 2945 390 3001 p.
408 2927 465 2994 248
487 2925 505 2982 l.
526 2926 552 2982 6.
610 2925 722 2983 Boisius
745 2926 861 3002 eonjieit
901 2929 1020 3001 θλίψεσι,
1049 2928 1162 2986 sublato
1194 2927 1403 3089 typographioo

363 4799 477 4867 αἰτοῦμαι
501 4801 534 4869 μὴ
551 4801 661 4854 ε’κκακεῖν
682 4801 708 4852 ἐν
728 4804 782 4855 ταῖς
803 4800 857 4854 (llll-
902 4806 979 4856 tono.
1020 4798 1064 4855 Tu
1097 4818 1165 4857 vero
1199 4799 1404 4859 Constantium

363 4881 432 4950 ψεσί
450 4904 500 4951 μου
518 4883 582 4952 ὑπὲρ
595 4884 671 4950 ὑμῶν,
690 4876 765 4959 [Gal.
781 4880 808 4936 vi
826 4876 856 4958 9]
902 4879 988 4951 audi3
1011 4880 1188 4957 ‘Dupliciter
1201 4900 1316 4958 peceare
1329 4883 1403 4941 mihi

364 4959 485 5018 scribere
510 4969 623 5036 oportet
646 4960 723 5037 apud
752 4961 861 5038 Grego-
904 4961 1038 5019 ‘videtur
1052 4962 1121 5019 haee
1134 4962 1292 5034 translatio,
1306 4964 1403 5040 primo

363 5040 438 5097 rium
458 5041 641 5118 Theologum,
664 5043 742 5100 Oret.
763 5063 811 5113 44,
832 5063 859 5119 p.
903 5043 1038 5119 ‘quidem
1065 5044 1141 5119 quod
1169 5044 1291 5102 clamare
1317 5045 1403 5105 nobis

364 5133 430 5195 709,
463 5119 509 5201 [A.
546 5132 614 5180 tom.
644 5124 653 5178 i
686 5123 729 5181 ed.
760 5124 859 5181 Morel.
903 5129 1011 5195 ‘vetat
1034 5145 1121 5201 quum
1146 5124 1278 5182 Clemens
1305 5125 1403 5185 locum

367 5200 455 5283 1609]
488 5207 510 5259 εἰ
532 5208 566 5275 μὴ
594 5209 741 5274 ε’κκακοῦμεν
761 5208 788 5260 ἐν
808 5211 862 5264 ταῖς
903 5205 1025 5263 ‘Esaiae
1053 5206 1259 5283 interpretatur
1285 5207 1314 5264 ln
1343 5229 1402 5285 quo
