3250 6617
392 1072 456 1135 128
757 1071 787 1134 S.
814 1070 1062 1135 CLEMENTIS

388 1241 449 1322 ε’ἀν
470 1239 663 1343 ἐκζητῶμεν
691 1242 736 1322 τὰ
765 1241 938 1346 εάἀρεστα
967 1246 1025 1323 καὶ
1054 1240 1297 1346 εὖπράσδεκτα
1324 1243 1430 1349 αὐτῷ,

387 1369 448 1450 ε’ἀν
471 1371 727 1469 ἐπιτελέσωμεν
753 1370 798 1451 τὰ
826 1368 1003 1473 ἀνήκοντα
1030 1369 1235 1479 τῇάμαίμφ
1258 1370 1432 1470 βουλήσει

388 1501 505 1595 αὑτοῦ,
538 1501 596 1578 καὶ
631 1496 933 1600 ἀκολουθησωμεν
962 1505 1007 1604 τῇ
1045 1501 1117 1606 ὁδῷ
1152 1501 1216 1597 τῆς
1253 1499 1429 1598 ἀληθείας,

387 1625 651 1733 ἀπορριψαιπες
669 1627 731 1735 ἀφ’
748 1627 882 1707 ἑαυτῶν
898 1634 1023 1708 πᾶσαν
1041 1626 1178 1707 ἀδικίαν
1196 1631 1254 1707 καὶ
1271 1624 1429 1727 ἀνομαν,

387 1752 608 1858 πλεονεξίαν,
636 1754 732 1860 ἕρεις,
764 1754 968 1855 κακοηθείας
996 1790 1035 1835 τε
1064 1758 1121 1835 καὶ
1152 1753 1292 1852 δόλους,
1321 1759 1458 1861 ψιθιαᾶ

387 1880 538 1984 ρίσμοιίς
554 1916 593 1962 τε
611 1887 668 1962 καὶ
689 1880 924 1980 καταλαλιάς,
944 1883 1169 1985 θεοστογίαν,
1190 1883 1431 1989 ὑπερηφανίαν

387 2042 425 2088 τε
452 2015 509 2089 καὶ
537 2008 756 2112 ἀλαζονείαν,
790 2008 995 2114 κενοδοξίαν
1023 2044 1061 2090 τε
1094 2012 1153 2090 καὶ
1182 2008 1427 2115 ἀφιλοξενίαν.

388 2144 512 2217 Ταῦτα
531 2137 602 2243 γάρ
630 2145 663 2220 οί
685 2137 915 2244 πράσσοντες
935 2142 1110 2240 στυγητοὶ
1131 2145 1184 2246 τῷ
1211 2143 1294 2246 Θεῷ
1317 2137 1428 2243 ι’πτάρ·

387 2296 526 2372 χουσιν·
557 2268 598 2347 οὐ
622 2269 733 2368 μόνον
751 2269 788 2348 δὲ
814 2271 847 2347 οὶ
868 2265 1098 2371 πράσσοντες
1122 2264 1223 2365 abrai,
1245 2265 1348 2346 ἀλλά
1374 2270 1430 2347 καὶ

388 2397 421 2472 οί
439 2399 731 2481 συνευδοκοῦντες
758 2399 885 2480 αι’ποῖς·
914 2394 1009 2497 λε’γει
1035 2392 1106 2498 γάρ
1130 2395 1153 2495 ἦ
1176 2393 1312 2501 γραφή,
1331 2405 1354 2442 “
1369 2398 1431 2502 Τῷ
1446 2424 1547 2470 rc:

389 2521 466 2601 “δέ
495 2525 698 2632 ἁμαρτωλῷ
727 2520 821 2604 εἶπεν
844 2526 864 2602 ὁ
890 2523 993 2620 Θεός,
1021 2522 1103 2602 Ἵνα
1126 2524 1164 2604 τί
1185 2520 1236 2604 σύ
1258 2525 1365 2628 διηγῇ
1387 2520 1432 2604 τά

389 2661 411 2697 “
433 2649 648 2751 δικαιώματά
674 2685 758 2750 μου,
783 2654 842 2731 καὶ
870 2649 1135 2749 ἀναλαμβάνεις
1165 2646 1231 2749 τὴν
1263 2648 1432 2751 διαθήκην

389 2789 410 2825 “
426 2813 496 2875 μου
514 2782 571 2859 ε’πὶ
589 2777 769 2877 στόματός
793 2813 889 2874 σου;
922 2777 971 2859 σὺ
1000 2778 1234 2879 δὲἕμίοησας
1257 2778 1429 2875 παιδείαν,

389 2919 410 2953 “
427 2909 485 2986 καὶ
516 2904 710 3010 ἐξεβαλλες
736 2905 819 2992 τοὺς
840 2907 972 3010 λόγους
999 2942 1069 3004 μου
1091 2912 1137 2992 εἱς
1165 2906 1213 2987 τά
1243 2904 1375 2987 ἀπίσω·
1403 2908 1431 2984 εί

388 3208 759 3268 πιάτειουιὶιιεοουουεδιά
769 3207 891 3267 WO'I'P.
928 3207 959 3265 in
980 3207 1110 3268 versione
1130 3227 1182 3267 sus
1204 3206 1337 3285 sequitur
1361 3204 1431 3266 che-

390 3290 520 3349 Heielius
547 3290 787 3368 praepositionem
811 3289 894 3348 uncis
928 3289 1080 3362 vollierius,
1112 3290 1231 3349 mallent
1275 3292 1430 3363 φιλοτιμᾶν.

388 3373 527 3431 inciussm
559 3372 591 3429 in
625 3377 738 3430 textum
776 3372 891 3448 recepit.
929 3368 1432 3443 colomesiusssoteleriuscoustan-

390 3454 480 3511 Nullo
506 3453 704 3512 emendatione
731 3472 803 3530 opus
833 3473 894 3512 esse
929 3453 1033 3519 tiuset
1048 3450 1432 3530 Schoenemsnnusmsrgini

389 3545 505 3595 censent
519 3535 678 3595 Dresselius
692 3543 721 3592 et
737 3534 857 3611 Lipsius.
928 3542 1078 3612 opponunt
1095 3542 1158 3593 tum
1177 3536 1333 3609 φιλοεενίαν,
1347 3553 1431 3612 quem

432 3637 456 3675 2.
473 3613 670 3696 ἐπιτελέσωμεν]
683 3615 730 3675 Ita
744 3615 813 3675 Cod.
830 3615 892 3674 MS.
929 3635 1028 3676 vocem
1046 3616 1076 3674 in
1093 3623 1205 3675 textum
1225 3614 1343 3674 admisit
1358 3614 1431 3673 Hor·

390 3699 471 3757 Libb.
494 3700 577 3776 impr.
603 3698 680 3757 inter
705 3698 895 3769 εἀιτελῆσομεν
930 3705 1167 3769 nemennustum
1175 3698 1348 3772 ὀφιλοξενίιν.
1372 3696 1433 3755 Bir-

389 3787 420 3840 ei
436 3783 634 3853 ἀποτελίγσωμεν
647 3779 776 3838 oscitant.
929 3779 981 3849 rio,
995 3779 1044 3856 qui
1057 3782 1225 3853 ἀφιλοξενίαν
1237 3778 1349 3855 respuit
1361 3785 1432 3838 ilm-

432 3877 457 3936 7.
475 3856 627 3942 κενοδοξίαν]
647 3859 894 3938 ConjicitBirrius
929 3880 1015 3937 quam
1042 3860 1212 3919 voosbulum
1239 3878 1358 3936 prorsus
1385 3879 1432 3918 no

390 3943 419 4002 S.
437 3943 551 4001 Patrem
571 3943 717 4021 scripsisse
731 3944 894 4014 εαινοδοξίαν,
929 3960 1006 4014 vum,
1035 3948 1066 4001 ei
1098 3944 1251 4018 φιλοδοξίαν
1282 3939 1433 4019 legendum

389 4032 570 4084 etmoomm
582 4025 755 4100 opinionum
763 4023 895 4082 ιιιιάίιαπ
930 4042 991 4082 esse
1014 4023 1170 4090 contendit,
1194 4022 1364 4082 Gellsndius
1389 4042 1432 4081 re·

389 4112 490 4166 notare
516 4106 645 4164 voluisse.
692 4105 894 4182 conjecturam
929 4104 1197 4182 spondetcyrillum
1205 4104 1434 4163 Alexandrinum

389 4189 540 4247 confirmat
553 4207 590 4246 ex
610 4207 644 4246 eo
660 4187 737 4264 quod
758 4187 788 4244 in
807 4186 895 4244 Msto
929 4185 1035 4245 hebere
1048 4188 1218 4260 ἀφιλοξενεῐν,
1232 4185 1344 4245 comm.
1359 4185 1390 4244 in
1404 4185 1432 4244 S.

389 4269 553 4347 saepissime
579 4275 710 4328 occurret
737 4278 758 4323 Ε
785 4287 839 4346 pro
861 4277 894 4323 sl
930 4266 1032 4327 Johan„
1051 4267 1113 4326 Lib.
1128 4267 1169 4334 iii,
1191 4266 1266 4345 Opp.
1282 4266 1312 4325 iv
1331 4286 1359 4345 p.
1377 4270 1433 4339 2⁸4

389 4351 523 4428 positum.
556 4349 760 4409 GALLAND.
819 4348 895 4406 Her·
931 4349 974 4407 ed.
990 4348 1112 4408 Aubert.
1128 4348 1217 4407 Paris.
1232 4349 1318 4424 1638.
1352 4348 1433 4408 orel-

390 4433 489 4510 zogius
515 4433 612 4505 vertit,
639 4432 686 4491 dis
718 4431 779 4488 sicle
805 4430 894 4488 Είννε.
930 4430 994 4502 lius,
1009 4431 1109 4490 select.
1130 4430 1205 4489 Pate
1222 4430 1329 4489 Eooles.
1345 4429 1434 4509 Cspp.

390 4514 433 4573 Oi.
451 4515 482 4572 B.
500 4514 621 4572 Paulum
639 4514 676 4572 sd
691 4511 815 4589 Philipp.
831 4511 852 4568 ii
867 4530 895 4587 3,
929 4512 967 4569 od
978 4512 1433 4589 Eioqurm'rsssersmportineni.

390 4599 477 4666 Μηδὲν
498 4600 560 4652 κατὰ
581 4598 689 4668 ἐριθείαν
705 4596 721 4666 η
745 4595 895 4663 κενοδοξίαν·
930 4593 1030 4670 portio
1046 4593 1057 4650 i
1071 4614 1097 4670 p.
1114 4595 1142 4666 6,
1152 4593 1198 4651 vel
1212 4595 1379 4667 δφελοξειίαν
1391 4592 1434 4651 rel

390 4685 420 4736 ei
434 4677 583 4755 ignatium
601 4677 637 4735 ed
652 4676 748 4753 Magn.
765 4673 780 4750 ξ
799 4694 844 4746 ιι,
858 4674 895 4732 αδ
931 4675 1018 4734 etism
1038 4677 1187 4745 πλεονεξίαν
1198 4674 1353 4734 lectionem
1371 4694 1433 4753 ger·

390 4759 499 4817 Philod.
516 4760 531 4836 ξ
546 4777 572 4817 1.
930 4775 1045 4814 monam
1059 4776 1120 4815 esse
1133 4763 1225 4833 putei
1265 4755 1435 4835 Hersogius,

431 4841 468 4898 ib.
491 4841 677 4914 ἀφιλοξενίαν.]
708 4838 757 4897 Ito
783 4838 896 4914 procul·
931 4837 960 4895 ni
985 4838 1075 4910 fallor,
1096 4838 1210 4915 legebat
1229 4841 1387 4912 φιλοτιμίαν,
1406 4837 1434 4895 in

391 4921 477 4979 dubio
498 4922 651 5000 legendum
675 4939 728 4998 pro
749 4922 897 4994 φιλοξενίαν
931 4919 1060 4978 versione
1090 4920 1167 4978 enim
1202 4938 1254 4978 sus
1280 4918 1368 4979 babet
1391 4918 1436 4977 dis

390 5002 421 5059 in
442 5001 895 5073 Msw‚utiW0tton11setMil-
931 5000 1014 5060 Lisos
1040 5021 1095 5059 zur
1115 5000 1256 5060 ΕίιιίΙιείλ
1299 5000 1436 5059 Duriores

390 5083 446 5141 lius
472 5082 542 5164 [not.
560 5084 598 5142 od
618 5084 700 5142 Rom.
719 5083 729 5141 i
749 5080 810 5162 31.]
833 5102 895 5141 sen-
931 5082 1199 5160 inhumanioresque
1219 5081 1387 5142 Corinthios
1406 5100 1435 5140 se

390 5175 496 5225 serunt.
539 5165 644 5225 Junius
661 5174 691 5224 et
705 5164 809 5237 Fellus,
823 5184 895 5242 quos
930 5164 1049 5242 gessisse
1070 5184 1140 5242 ergo
1163 5163 1330 5242 peregrinos
1349 5184 1366 5223 ε
1384 5163 1434 5222 Ρι-
