3250 6617
532 1086 595 1151 AD
616 1085 907 1163 CORINTHIOS,
923 1087 976 1148 liv.
1210 1087 1273 1151 197

245 1260 515 1347 erm-iraeadem,
533 1276 565 1335 et
581 1262 735 1335 metitum
752 1261 874 1359 irrepis
891 1288 1003 1359 quom
1020 1261 1123 1335 horso.
1163 1260 1274 1335 Dio-it
1292 1282 1368 1359 uxos.

244 1392 364 1455 oedem
381 1378 538 1475 Moyses,
557 1377 797 1475 Ncutiquom,
813 1378 1001 1453 Domine:
1028 1376 1170 1451 remitte
1190 1376 1277 1451 huic
1290 1364 1358 1395 ‘¹¹¹¹
1371 1360 1409 1409 ³²'

237 1494 379 1593 popolo
390 1507 595 1592 peccatum,
612 1494 668 1568 ool
684 1492 796 1569 esici-m
813 1492 892 1567 dole
909 1520 965 1567 oue
983 1492 1029 1567 de
1046 1491 1140 1565 libro
1158 1491 1277 1565 civen-

242 1611 345 1686 λίποι.
398 1610 432 1687 Ο
458 1610 672 1685 charitatem
701 1614 894 1709 magnam!
937 1610 970 1684 Ο
1001 1608 1279 1707 insuperabilem

242 1726 521 1827 perfectionem!
543 1726 718 1801 Famulus
732 1727 932 1800 Dominum
949 1726 1060 1801 libere
1073 1726 1279 1824 alloquitur,

242 1868 310 1943 pro
333 1840 440 1943 plebe
469 1842 715 1916 remissionem
745 1841 918 1941 postulat,
941 1840 1001 1915 vel
1023 1841 1182 1939 seipsmn
1208 1865 1281 1912 una

243 1986 328 2035 cum
353 1958 406 2033 eis
430 1957 543 2032 deleri
566 1958 671 2057 petit.

294 2074 396 2149 LIV.
421 2074 513 2167 Quis
538 2074 653 2174 igitur
675 2074 853 2147 intervos
875 2100 1071 2173 generosus
1092 2078 1174 2146 estl
1201 2072 1283 2171 quis

245 2191 476 2265 misericors?
519 2191 600 2289 quis
641 2190 818 2264 charitate
858 2189 1017 2288 plenusl
1065 2189 1198 2262 Dicat:
1244 2186 1283 2261 Si

245 2316 397 2408 propter
425 2333 483 2381 me
516 2306 657 2391 seditio,
687 2304 881 2391 contentio,
912 2315 951 2380 et
978 2305 1172 2378 schismata
1205 2314 1285 2376 orta

247 2554 279 2613 id
291 2562 406 2631 tompus
418 2554 521 2613 sststis
538 2574 605 2613 suae
621 2574 678 2631 quo
698 2554 747 2613 sd·
787 2554 857 2611 haec
870 2554 906 2612 ab
922 2552 1083 2631 Epiphanio
1097 2554 1126 2627 [e
1140 2551 1285 2621 memoria,

248 2634 306 2694 huc
317 2638 464 2707 τὴντίστιν
476 2638 585 2709 ἐπόρθο.
787 2636 811 2693 si
826 2634 1000 2693 Cotelcrium
1014 2631 1134 2714 audiss],
1149 2634 1196 2691 lib.
1214 2634 1221 2690 i
1236 2633 1285 2690 sd·
1319 2670 1326 2684 ·

292 2734 318 2773 s.
342 2718 359 2789 ἦ
385 2718 447 2789 κᾶμ’
492 2716 540 2775 Its
569 2736 635 2775 oum
662 2716 749 2777 llSto
787 2737 887 2775 versus
922 2716 1142 2793 Carpoemtios;
1184 2714 1284 2789 [Haer.

249 2796 342 2857 wora
364 2798 483 2857 Russel.
506 2798 634 2857 Galland
655 2798 747 2857 Helel.
789 2798 869 2855 xxvii
891 2798 905 2873 ξ
926 2794 956 2877 6]
977 2799 1047 2870 λέγει
1062 2802 1112 2871 γὰρ
1127 2796 1154 2870 (t
1172 2797 1285 2867 Κλήμης)

250 2878 377 2939 Rcithm.
392 2888 423 2939 et
435 2880 602 2939 Dreflsellus.
623 2880 672 2939 Ita
685 2880 748 2939 (lle-
788 2883 816 2935 ἓν
828 2886 872 2952 μιᾷ
885 2886 936 2935 τῶν
945 2882 1105 2936 Ἐπιστολῶν
1115 2882 1201 2935 αὐτοῦ’
1216 2880 1287 2933 Ἀνο-

250 2980 333 3021 menfl
345 2960 556 3021 Alexandrinus
569 2981 680 3039 quoque
694 2962 711 3019 l.
724 2982 747 3020 c.
788 2968 873 3034 χωρῶ,
884 2963 977 3032 ἄπειμι,
988 2962 1131 3031 incestius
1141 2960 1287 3037 (inadora-

251 3050 283 3103 οἱ
301 3040 383 3099 LXX
404 3042 474 3101 luit.
497 3062 550 3102 sec.
574 3044 643 3103 (lod.
665 3043 748 3101 Alex.
790 3039 876 3120 θείτω)
891 3047 905 3098 ὁ
923 3047 985 3100 λαὸς
1005 3048 1050 3097 τοῦ
1067 3048 1141 3098 θεοῦ.
1165 3039 1286 3097 WOTT.

250 3124 358 3183 Junius
377 3144 445 3183 vcro
465 3126 624 3201 caeterique
648 3128 689 3182 κοί
709 3150 748 3197 με.
791 3123 901 3181 Locum
919 3123 993 3181 hunc
1008 3122 1184 3200 Epiphanius
1202 3120 1289 3180 etiam

252 3204 325 3265 cod
340 3204 405 3264 vas
419 3212 488 3279 ημε.
793 3205 925 3281 exemplo
945 3211 974 3263 et
994 3204 1121 3263 moribus
1135 3202 1290 3262 Clementis

296 3288 323 3345 8.
344 3290 602 3361 τοτληροφορημίνοτ
621 3289 747 3363 ἀγάπη]
793 3287 883 3345 nostri
900 3286 1072 3363 descriptum
1091 3286 1150 3344 ait:
1172 3284 1220 3361 qui
1235 3283 1289 3341 Ec·

252 3368 367 3439 Junius,
381 3368 502 3439 Boisius,
516 3368 619 3441 Fellus,
639 3367 681 3449 [et
697 3368 751 3429 Co
793 3367 893 3426 clesise
904 3368 1048 3426 Romanae
1062 3366 1211 3425 cathedrae
1224 3385 1241 3422 a
1253 3366 1287 3422 D.

253 3446 402 3529 lomesius]
419 3450 749 3523 mallentmnhqpopr‘voe.
794 3450 880 3507 Petro
902 3450 1041 3519 admotus,
1066 3468 1095 3506 sc
1118 3468 1151 3505 ec
1174 3466 1290 3503 munere

255 3529 341 3589 Nihil
372 3538 469 3589 sutem
499 3532 669 3591 mutandum
701 3539 751 3591 est.
793 3530 944 3601 abdicavit,
979 3529 1114 3606 quamdiu
1138 3528 1228 3585 Linus
1262 3534 1291 3585 et

255 3616 486 3687 Πληροφορείσθοι
508 3613 585 3673 enim
608 3612 685 3689 apud
704 3614 754 3671 Sa·
794 3613 893 3671 Cletus
906 3612 936 3669 in
950 3612 1022 3669 siais
1036 3618 1136 3668 essent.
1177 3610 1221 3665 Ex
1236 3628 1292 3684 qua

256 3712 322 3753 cros
334 3692 586 3753 stEoclesiasticos
596 3695 754 3771 Scriptores
794 3693 901 3771 duplici
923 3693 1096 3750 successione
1116 3689 1251 3759 fortassis,
1267 3690 1292 3747 si

256 3772 401 3853 significat
426 3774 503 3835 idem
533 3776 611 3853 quod
643 3782 754 3850 τληροῦ-
794 3794 852 3833 non
879 3774 976 3852 potius
1002 3793 1038 3830 ex
1063 3772 1196 3831 Ecclesiis
1219 3791 1237 3828 a
1259 3770 1290 3827 B.

258 3858 507 3927 οθτητελεωΰτθοι,
518 3856 753 3933 ροηῖοἰ,ἰτηρὶοη’.
796 3857 882 3916 Petro
922 3863 952 3913 et
986 3854 1081 3923 Paulo,
1116 3853 1292 3910 ludaeorum

259 3936 489 4015 chrysostomus,
510 3938 599 3997 Hom.
619 3939 651 3997 ix
673 3939 704 3996 in
723 3939 756 3996 ΙΙ
797 3938 991 4012 Gerrtinmque
1005 3934 1160 4013 Apostolis,
1175 3934 1292 3992 seorsim

259 4018 353 4095 Epist
379 4019 416 4077 ad
432 4019 621 4086 Timotheum,
640 4022 685 4093 τὴν
704 4024 757 4077 διο·
795 4018 971 4096 aliquamdiu
985 4017 1097 4087 habitis,
1112 4016 1171 4073 fieri
1189 4022 1293 4092 potest.

260 4102 404 4157 mutarem
413 4105 621 4175 πληροφόρησον.
630 4104 756 4167 τουτέστι,
797 4110 831 4159 ut
844 4102 915 4159 adeo
929 4119 1030 4176 pamm
1044 4098 1119 4157 inter
1135 4097 1295 4173 Scriptores

259 4182 408 4255 πλῆμσον.
443 4179 530 4262 [Opp.
546 4184 575 4241 xi
590 4203 616 4261 p.
634 4186 691 4257 716
712 4184 755 4243 ed.
798 4181 956 4253 conveniat,
972 4190 1071 4240 utrum
1091 4180 1222 4238 Clemens
1243 4178 1295 4234 im-

262 4258 353 4401 qu
392 4262 620 4341 'l'heophylactus
636 4264 667 4322 iu
680 4285 758 4323 eum·
799 4264 922 4322 mediate
949 4261 1115 4320 successerit
1143 4262 1236 4331 Petro,
1260 4279 1295 4316 an

261 4342 331 4403 dem
354 4362 438 4403 ocum
451 4388 552 4404 .....
567 4350 759 4421 πληροφορηθῇ,
800 4353 903 4422 quarto
924 4345 1024 4403 saltem
1047 4344 1127 4401 loeo:
1149 4342 1216 4400 lieet
1239 4360 1296 4397 uon

261 4428 391 4494 mrim,
414 4430 553 4499 βεβοωθῇ,
580 4428 596 4499 ἢ
622 4430 658 4485 dr
683 4430 761 4501 τέρος
801 4428 855 4486 sim
869 4425 980 4484 nescius
993 4424 1175 4482 aliametium
1185 4442 1298 4481 eausam

261 4508 383 4579 ῐλδηκοὶ
399 4510 528 4581 πληρωθῇ.
565 4508 761 4581 Occumcnius,
802 4507 963 4585 aplurimis
983 4506 1132 4577 redditam,
1147 4504 1231 4581 quod,
1246 4502 1298 4561 sei-

264 4591 365 4648 scete
384 4594 415 4645 rt
434 4590 526 4661 αἴτημα
544 4594 588 4661 τῆς
607 4593 697 4663 ψυχῆς
715 4615 763 4648 σου
801 4591 877 4661 licet,
901 4608 985 4647 nemo
1009 4588 1050 4644 illi
1075 4588 1182 4644 Romae
1206 4604 1298 4643 suece-

263 4672 469 4743 τληροφορὴστι,
505 4671 523 4730 i.
556 4691 580 4730 s.
621 4676 762 4745 πληρώσει.
803 4672 871 4730 dere
884 4669 993 4747 liquido
1006 4675 1101 4745 potest
1114 4667 1178 4735 dici,
1194 4666 1229 4724 do
1243 4686 1300 4743 quo

265 4750 449 4811 WOTTON.
475 4752 697 4811 OumWottonc
707 4763 765 4812 stat
803 4752 927 4811 multum
947 4750 1096 4808 dubitatur
1116 4768 1151 4807 sn
1168 4750 1229 4825 ipsc
1243 4748 1299 4804 Ru-

266 4832 435 4893 cotelerius.
479 4834 522 4893 cf.
538 4834 699 4894 Eoolesiast.
714 4834 764 4893 viii
803 4852 1003 4909 masunquam
1013 4832 1112 4889 suerat.
1131 4830 1196 4887 Hoc
1206 4829 1299 4905 ipsum

271 4932 318 4985 11,
329 4912 419 4986 Lxx,
429 4916 471 4971 ns
482 4922 557 4973 τοῦτο
569 4918 764 4991 ἐτληροφορὴθη
804 4915 881 4993 quod
892 4914 939 4972 hic
947 4912 1002 4971 loci
1013 4912 1153 4971 susdctB.
1161 4910 1300 4979 Clemens,

267 4996 358 5069 nam
370 5000 432 5053 orsu
443 5003 489 5053 τοῦ
500 5000 633 5071 ἀνθρώπου
646 5000 673 5054 ἐν
682 5001 766 5056 αὐτοῖς
804 4998 840 5055 de
864 5016 895 5054 se
915 4994 1068 5072 profitetur
1088 5000 1117 5053 et
1133 4994 1254 5071 spondet
1272 4991 1299 5051 S.

267 5080 604 5153 πῦτοιηοοιτὸτοηηρόν.
805 5078 1033 5154 chrysostomus,
1052 5075 1102 5153 qui
1125 5076 1174 5147 ait,
1193 5073 1301 5133 Homil.

313 5176 340 5231 9.
368 5160 480 5233 ἐτχορῦ,
507 5162 606 5237 heau]
633 5160 767 5221 (litantur
807 5160 837 5218 xi
852 5161 887 5218 ad
903 5158 1005 5236 Ephes.
1024 5157 1112 5235 [Opp.
1126 5158 1154 5216 xi
1169 5178 1195 5235 p.
1209 5160 1247 5231 89
1259 5156 1301 5213 ed.
