3250 6617
245 4541 335 4591 Bothe.

244 5170 354 5219 Netaiur.

406 1053 440 1137 u
658 1070 1196 1137 1111111011111111111111

406 1253 428 1283 “
444 1245 657 1323 Schroeclrhii,
680 1247 800 1309 Camil.
822 1247 862 1308 K.
883 1247 918 1308 G.
941 1245 964 1308 ii
983 1265 1042 1331 341
1064 1267 1121 1327 sq.,
1146 1243 1199 1326 qui
1223 1243 1301 1305 item
1324 1247 1449 1325 septem

406 1354 428 1385 “
443 1347 610 1431 Epistolas,
634 1369 650 1411 e
672 1348 810 1413 breviore
833 1348 1020 1425 recensione,
1042 1347 1196 1431 genuinas
1222 1368 1288 1410 esse
1313 1346 1448 1419 censuit,

407 1458 508 1514 “non
533 1456 638 1515 tamen
664 1452 703 1515 ab
730 1452 815 1514 omni
841 1451 1038 1536 corruptione
1063 1473 1186 1524 vacuas,
1214 1473 1286 1534 qua,
1312 1473 1350 1513 ex
1380 1452 1449 1535 ejus

408 1561 430 1590 “
445 1553 609 1631 sententia,
621 1554 655 1617 in
669 1555 778 1638 primis
792 1554 946 1618 laboravit
960 1555 1019 1637 Ep.
1032 1555 1072 1617 ad
1088 1553 1295 1637 Polycarpum
1310 1552 1448 1636 scripta3

408 1663 430 1694 “
444 1656 531 1719 illam
559 1679 631 1721 vero
662 1657 864 1721 Schroeckhii
898 1658 1087 1721 sententiam
1119 1657 1215 1720 etiam
1243 1662 1368 1720 secutus
1398 1662 1450 1719 est

408 1767 429 1797 “
444 1759 601 1837 Neander,
616 1761 656 1823 K.
677 1762 712 1823 G.
729 1760 746 1823 I
761 1760 795 1823 iii
815 1777 894 1843 1107
911 1761 980 1844 sq.”

452 1863 584 1926 Sinoni.
600 1863 762 1941 HousLnr,
780 1872 888 1948 postea
907 1863 1078 1948 Episcopus
1093 1863 1296 1946 Anaphensis,
1316 1861 1350 1924 in
1370 1861 1448 1945 Epi·

408 1967 488 2031 stola
517 1967 628 2050 quinta
655 1968 695 2030 ad
718 1967 915 2031 Priestleium
940 1966 1102 2050 inscripta,
1124 1989 1152 2028 a.
1177 1966 1270 2047 1784,
1300 1966 1449 2029 Pearsoni

407 2076 594 2153 argumenta
608 2069 795 2147 firmissima,
810 2075 843 2133 et
859 2069 1079 2134 Recensionem
1095 2068 1269 2132 breviorem
1283 2067 1370 2132 omni
1386 2067 1448 2130 fide

409 2172 549 2256 dignam,
565 2171 679 2236 diserte
693 2172 919 2256 pronuntiavit.
949 2172 1059 2248 Worle,
1075 2170 1108 2234 iv
1122 2194 1174 2254 pp.
1189 2170 1345 2257 133-138.

439 2275 629 2352 Romulea,
652 2274 702 2338 vir
725 2276 834 2360 magni
857 2277 891 2339 in
914 2276 964 2339 his
988 2274 1087 2338 literis
1111 2274 1257 2352 neminie,
1282 2274 1382 2337 Praef.
1408 2273 1447 2336 ad

410 2378 509 2462 Reliq.
536 2378 619 2441 Saer.
644 2401 696 2462 pp.
709 2379 773 2457 xxi,
788 2380 866 2457 xxii,
889 2403 940 2443 an.
960 2379 1052 2459 1814,
1077 2400 1130 2461 pp.
1147 2378 1246 2456 xxvii,
1262 2377 1370 2454 xxviii,
1395 2399 1447 2440 an.

411 2482 504 2562 1846,
526 2481 649 2544 monuit
671 2481 818 2545 Pearsoni
840 2482 943 2559 crisin,
959 2481 1085 2546 Vindio.
1102 2481 1174 2565 Igu.
1192 2481 1227 2542 P.
1244 2480 1255 2542 i
1275 2503 1342 2564 cap.
1357 2497 1386 2563 7,
1409 2480 1449 2544 de

407 2585 527 2649 duobus
547 2584 621 2649 locis
637 2585 756 2668 Ignatii
777 2587 817 2649 ab
833 2586 971 2670 Origene
993 2585 1121 2669 prolatis
1143 2583 1311 2667 insigniter
1333 2583 1446 2647 confir·

407 2695 524 2752 matam
543 2711 608 2752 esse
626 2711 645 2751 a
661 2689 770 2751 Grabii
787 2690 916 2753 Schedia
932 2689 1049 2765 MStis,
1064 2688 1147 2750 unde
1162 2686 1311 2771 Origenis
1327 2687 1448 2749 Graeca

407 2792 549 2856 exhibuit
564 2791 665 2856 editor
679 2792 914 2869 Benedictinus,
931 2792 1013 2876 Opp.
1026 2791 1060 2854 iii
1075 2815 1128 2875 pp.
1139 2810 1180 2876 30
1195 2796 1228 2853 et
1243 2789 1316 2875 938.

450 2894 494 2957 N.
520 2894 556 2957 C.
581 2895 725 2972 Krsrlus,
751 2895 783 2957 S.
808 2895 996 2979 Theologiae
1022 2895 1055 2957 in
1081 2892 1250 2957 Academia
1273 2893 1447 2977 Lugdune-

409 2998 530 3062 Batava
547 2998 716 3075 Professor,
732 3021 760 3061 a.
779 2998 873 3083 1830,
889 2998 1150 3062 Dissertationem
1173 2996 1211 3059 de
1233 2996 1354 3080 origine
1376 2995 1447 3079 dig-

409 3101 519 3164 nitatis
545 3101 748 3192 Episcopalis,
775 3124 915 3165 sermone
941 3101 1070 3184 Belgico
1100 3099 1308 3183 conscriptam
1338 3098 1448 3175 edidit,

408 3203 441 3265 in
468 3225 529 3286 qua
557 3204 659 3267 obiter
684 3204 810 3287 quidem
840 3204 893 3268 sed
923 3211 1048 3267 strenue
1073 3201 1273 3266 Recensionis
1299 3200 1448 3264 brevioris

408 3306 616 3388 patrocinium
631 3307 777 3391 suscepit.
824 3307 1048 3372 Quaestionem
1068 3307 1167 3389 ipsam
1188 3308 1274 3388 (paee
1288 3305 1349 3368 viri
1364 3303 1448 3366 hisce

409 3409 442 3470 in
463 3409 554 3472 rebus
574 3410 821 3474 exercitatissimi
845 3411 988 3494 dixerim)
1007 3410 1112 3473 minus
1134 3409 1265 3473 feliciter
1287 3406 1447 3483 tractavit,

408 3534 444 3575 eo
470 3512 552 3594 quod
578 3513 803 3596 Episcoporum
831 3514 970 3597 regimen
997 3536 1061 3576 rem
1091 3513 1183 3596 plane
1213 3534 1326 3575 novam
1353 3509 1448 3573 fuisse

408 3613 564 3691 statuerit,
586 3614 618 3676 in
640 3616 811 3679 Ecclesiam
836 3639 899 3680 non
923 3623 997 3680 ante
1020 3617 1169 3680 ultimum
1193 3614 1305 3678 aetatis
1327 3611 1447 3696 Ignatii

408 3731 532 3799 tempus
552 3716 723 3781 inductam.
769 3719 1030 3783 Dissertationem
1044 3719 1150 3782 videas
1169 3717 1353 3780 Germanice
1373 3738 1447 3779 eon·

409 3841 529 3882 versam
559 3821 591 3882 iu
623 3820 750 3905 Illgenii
778 3822 886 3885 Diario
916 3823 965 3886 cui
995 3823 1107 3887 titulus
1130 3820 1301 3904 Zeiteehrifl
1315 3822 1379 3904 fa'r
1400 3820 1449 3881 die

409 3921 580 3984 historiale
600 3924 759 4005 Theolopie,
775 3925 811 3987 II
828 3924 851 3986 ii
873 3949 925 4009 pp.
937 3943 1055 4011 47—90,
1080 3925 1128 3988 vcl
1153 3946 1290 3987 seorsum
1312 3947 1331 3986 a
1353 3923 1390 3986 L.
1410 3923 1446 3985 Τ.

411 4024 564 4088 Moselcio
580 4026 753 4108 vulgatam,
768 4028 909 4091 Milrrater
923 4031 1116 4106 ancillarum,
1135 4028 1227 4113 1832,
1244 4026 1262 4089 8
1279 4028 1355 4089 min.

455 4127 650 4191 Sententiam
677 4129 795 4192 Morini
822 4140 854 4193 ct
880 4131 1040 4194 Whistoni
1070 4132 1257 4214 paradoxum
1287 4152 1386 4212 nuper
1415 4129 1448 4191 in

410 4229 511 4293 lucem
530 4231 688 4295 revocarit
708 4232 872 4310 Mamaea,
894 4235 926 4296 in
950 4234 1211 4298 commentatione
1227 4235 1297 4296 dher
1311 4233 1359 4295 dic
1378 4235 1449 4314 dop-

403 4333 486 4412 pelte
496 4333 658 4394 Itccerroion
671 4335 837 4417 derBriefc
851 4338 902 4397 dee
913 4337 1060 4417 ignatius,
1070 4359 1148 4420 quae
1163 4335 1279 4419 prodiit
1293 4335 1327 4397 in
1340 4335 1448 4399 Diario

412 4433 541 4514 Theolop.
557 4432 681 4497 Studien
696 4439 760 4499 und
772 4438 923 4515 Kritilca,
939 4462 966 4501 a.
987 4438 1080 4525 1836,
1095 4462 1147 4522 pp.
1158 4437 1317 4523 340-382.

453 4536 613 4615 8111111111,
630 4540 662 4601 S.
679 4540 865 4623 Theologiae
888 4541 919 4604 in
941 4542 1109 4605 Academia
1128 4541 1347 4624 Vitebergensi
1372 4541 1446 4604 Pro·

408 4639 513 4718 fessor,
538 4641 571 4703 in
595 4643 764 4726 appendice
788 4644 828 4706 ad
852 4644 956 4706 tomi
981 4644 1050 4706 libri
1075 4644 1216 4727 inscript-i
1235 4645 1295 4707 Die
1309 4645 1449 4727 Arffdnpe

408 4743 460 4804 fler
478 4744 672 4807 Charitelen
692 4746 802 4808 Kirche
824 4749 888 4808 und
907 4748 988 4809 ihrer
1007 4747 1195 4832 Verfacoanp,
1215 4747 1307 4833 1837,
1327 4747 1446 4810 Recen-

408 4845 526 4910 sioncm
552 4848 725 4912 breviorem
751 4851 945 4932 argumentis
975 4874 1012 4913 ex
1039 4851 1251 4934 Epistolarum
1280 4851 1363 4934 stylo
1393 4850 1446 4913 de·

409 4948 511 5013 ductis
533 4952 683 5030 defendit,
702 4960 733 5016 et
756 4961 865 5016 contra
886 4954 996 5017 Meieri
1021 4955 1210 5018 sententiam
1235 4954 1335 5016 multa
1357 4959 1448 5016 acute

409 5047 591 5133 disputavit.

452 5152 602 5229 Numina,
627 5154 747 5216 Studien
766 5179 793 5217 a.
813 5156 891 5218 Ii'rit.
912 5157 1003 5240 1835,
1018 5179 1071 5239 pp.
1089 5157 1247 5241 881-902,
1263 5162 1296 5220 ct
1313 5154 1447 5229 Hesus,
