3250 6617
472 1055 535 1117 AI>
557 1054 848 1131 CORINTHIOS,
864 1078 937 1116 xxx.
1165 1054 1225 1117 115

182 1241 313 1325 centes,
330 1226 482 1326 qttortdo
499 1227 757 1303 disseminavit
762 1227 869 1325 filios
886 1225 1024 1312 Adam,
1042 1225 1227 1300 aerest-ituit

182 1344 359 1421 terminos
378 1346 546 1445 pontium
561 1345 764 1420 secundom
787 1372 982 1420 eume-rum
999 1344 1228 1441 directorem

181 1461 265 1538 Dei.
317 1464 367 1537 Et
391 1463 524 1562 foetes
557 1476 607 1537 est
635 1489 734 1561 porc
766 1461 928 1536 Domini
955 1462 1123 1560 populus
1152 1462 1229 1559 ejus

179 1580 311 1669 Jacob,
331 1580 532 1679 funiculus
560 1578 728 1654 haeredit
715 1578 803 1653 tetis
830 1579 907 1676 ejus
931 1578 1061 1652 Israel.
1113 1577 1200 1651 Et
1190 1604 1229 1649 m

180 1695 252 1771 alio
276 1696 356 1771 loco
380 1696 493 1771 dicit:
519 1698 616 1770 Eece
632 1696 820 1771 Dominus
841 1694 933 1769 tollit
950 1694 1024 1769 sibi
1044 1707 1187 1791 perstem
1210 1710 1350 1767 eDeutiv
1333 1723 1396 1772 vas.

181 1812 304 1889 medio
319 1812 497 1912 qentium,
517 1826 634 1911 prout
654 1814 759 1887 homo
780 1810 981 1910 primitias
1003 1836 1115 1884 eirene
1140 1836 1228 1883 suec
1241 1773 1383 1889 666661
1387 1811 1393 1824 ’

181 1928 300 2016 tollia-
337 1943 370 2005 et
404 1956 449 2005 ec
481 1944 586 2029 perite
620 1930 689 2003 illo
718 1941 849 2003 cerreta
882 1939 1094 2000 sanctorem
1128 1953 1227 2023 cyre·
1240 1907 1345 2034 {illd

183 2046 344 2122 dicator.

230 2162 356 2239 XXX.
382 2164 508 2257 Quum
532 2164 649 2263 igitur
673 2164 792 2261 portio
820 2162 946 2237 Sancti
972 2162 1097 2247 simus,
1120 2162 1227 2237 facia-

180 2306 264 2355 mus
281 2280 404 2355 omnia
427 2307 521 2379 quae
546 2279 594 2354 ad
618 2279 853 2353 sanctitatem
874 2279 1071 2377 pertinent,
1090 2277 1227 2351 obtrec-

179 2396 342 2473 tationes
358 2396 577 2483 devitantes,
591 2395 762 2470 seelestos
779 2406 819 2469 et
833 2395 991 2469 incestos
1008 2393 1226 2492 complexus,

179 2513 388 2601 ebrietates,
405 2540 584 2587 novarum
607 2539 731 2587 rerum
756 2511 891 2599 studia,
917 2511 1227 2609 concupiscentias

178 2628 451 2717 abominandas,
492 2629 752 2703 detestandum
794 2628 1027 2713 adulterium,
1066 2655 1227 2702 exsecra-

178 2746 292 2821 bilem
316 2746 532 2847 superbiam
583 2746 687 2819 Dens
704 2744 812 2832 otiien,
830 2745 962 2844 inquit,
979 2745 1147 2843 sepe-ebir
1172 2772 1228 2819 ν-ι
1242 2763 1307 2811 Prov
1292 2764 1394 2826 euin.

179 2864 288 2951 sistit,
321 2862 524 2938 tremilibus
557 2876 680 2937 uatem
714 2861 780 2936 dot
822 2861 998 2959 pretium.
1054 2845 1341 2963 Augurii-312¹?
1313 2844 1367 2945 ².v'⁶

179 3007 313 3055 nemur
334 2980 451 3081 igitur
476 2980 521 3053 iis
546 2979 681 3079 quibus
701 2980 823 3079 gratia
839 3006 862 3053 a
880 2980 959 3053 Deo
977 3006 1143 3054 concessa
1160 2990 1227 3067 est,
1245 2911 1321 3010 'Pl
1336 2974 1383 3022 *⁵

178 3095 409 3171 concordiam
434 3124 518 3171 eum
544 3096 657 3169 animi
681 3095 862 3170 modestia
886 3094 1092 3184 induamus,
1113 3098 1228 3172 conti-

178 3222 322 3299 nentes,
356 3212 643 3287 susurrationem
678 3239 821 3285 omnem
856 3220 896 3285 et
925 3213 1226 3286 obtrectationem

178 3329 307 3429 procul
323 3329 541 3417 devitantes,
559 3329 730 3429 operibus
746 3356 819 3403 non
837 3339 963 3404 autem
980 3330 1100 3403 verbis
1116 3330 1224 3428 justi·
1238 3355 1294 3403 rae.
1306 3352 1324 3399 n
1334 3362 1372 3411 η.

178 3549 283 3623 ham
297 3548 360 3607 Deo
379 3568 467 3621 sacra,
479 3568 553 3626 quae
574 3549 607 3607 111
627 3552 686 3623 ἅγια
725 3548 795 3606 haec
808 3568 845 3606 ex
859 3549 1028 3621 Proverbiis,
1042 3550 1091 3608 ubi
1107 3551 1227 3627 legunus

177 3632 266 3705 ῌυτ.
289 3628 455 3689 GALLAN
458 3630 495 3688 D.
726 3635 741 3685 ὁ
768 3631 860 3703 Κύριοι
888 3633 1071 3689 ἀντιτάσσεται
1119 3632 1226 3690 Eodem

221 3724 250 3785 γ.
277 3711 367 3787 Ἀγίου
393 3712 451 3785 οὖν]
484 3710 553 3770 coo.
584 3710 685 3769 MStus
727 3711 852 3769 citantur
876 3732 893 3768 a
915 3713 943 3769 S.
966 3713 1075 3771 Jacobo
1096 3713 1126 3771 iv
1147 3715 1173 3785 6,
1197 3721 1227 3771 et

178 3790 300 3851 exhibet
326 3802 457 3865 AI'IOYN,
481 3792 572 3851 literis
599 3802 642 3848 ot
668 3812 686 3849 a
726 3793 793 3851 aS.
815 3793 901 3852 Petro
922 3793 974 3869 Ep.
997 3795 1048 3851 Iv
1067 3809 1093 3867 5.
1139 3794 1227 3872 Apud

178 3892 268 3931 mauu
292 3873 446 3933 recentiori
471 3893 559 3951 super
579 3884 613 3929 10
636 3874 686 3931 ed-
725 3882 880 3951 utrumque
901 3874 1003 3933 horum
1023 3876 1143 3953 legimus
1156 3882 1227 3948 θιόι,

178 3953 275 4033 pictis
726 3956 800 4014 sicut
835 3978 852 4013 a
886 3956 1034 4015 Clemente
1068 3959 1226 4017 exhibetur.

221 4054 250 4111 9.
271 4038 420 4110 ῒᾶγνοῦτῒ
443 4039 604 4109 συμπλοκάς]
633 4037 686 4094 Io·
726 4036 849 4094 WOTT.

179 4118 308 4195 gendum
318 4117 559 4194 estproculdnbio
566 4117 611 4175 vel
620 4137 685 4175 cum
770 4138 813 4189 14.
824 4121 998 4194 ἐνδυσώμεθα]
1012 4120 1142 4184 Hennes,
1152 4121 1226 4179 Post.

180 4198 272 4259 Jnnio
295 4200 425 4273 ἅνάγιονι,
446 4198 492 4257 vel
513 4218 579 4257 cum
602 4198 686 4258 Colo-
727 4198 779 4255 III
802 4200 833 4257 ix
858 4204 903 4269 28,
926 4202 1053 4260 ‘Felices
1077 4222 1145 4277 crgo
1169 4223 1227 4271 vos,

180 4280 271 4341 mesic
283 4284 400 4354 leym
433 4279 534 4339 Malim
547 4301 615 4339 vero
628 4282 686 4337 ἀνά-
727 4281 931 4358 ‘quicunquc.
949 4329 954 4340 .
972 4327 979 4340 .
995 4328 1001 4341 .
1018 4283 1168 4340 indueritis
1186 4283 1229 4340 in-

179 4386 265 4437 m,
285 4368 389 4439 utpote
409 4362 486 4439 apud
507 4361 683 4420 Ecclesiasti·
727 4362 927 4420 ‘nocentiam'

179 4442 383 4503 coeudntiue
419 4442 524 4503 Utitur
535 4462 685 4502 onnevooe
770 4458 813 4516 15.
835 4447 1049 4520 ἔγκρατευόρενοι]
1074 4444 1179 4503 «lunius
1199 4453 1228 4502 el

179 4528 285 4601 λαγνείᾳ
316 4526 346 4583 S.
372 4524 593 4603 chrysostomus
620 4544 685 4582 oum
726 4524 751 4581 F
752 4524 823 4582 ellus
835 4525 953 4583 mallent
967 4530 1006 4581 καὶ
1017 4529 1226 4599 ἐγκρατευόμενοι.

179 4608 244 4677 prop
264 4606 424 4683 conjuncte,
439 4605 547 4664 Homil.
563 4606 635 4663 xxiii
653 4606 683 4663 in
725 4605 880 4665 Wottonus
894 4607 977 4683 hujus
997 4607 1051 4664 loci
1066 4608 1228 4684 interpunc-

181 4686 267 4765 Inp.
280 4686 319 4745 cd
333 4686 398 4745 Cor.
415 4687 503 4765 [opp.
518 4696 587 4746 tom.
603 4707 633 4754 x,
654 4707 682 4764 p.
724 4687 834 4746 tionem
867 4688 998 4746 incautus
1032 4689 1073 4747 ita
1106 4690 1227 4765 positum

183 4786 237 4827 201
269 4768 314 4827 etl.
340 4768 426 4843 Bon]
470 4768 579 4827 Eadem
606 4788 683 4837 voce,
725 4769 825 4835 voluit,
844 4771 1047 4841 ι’γκραττυόμτνοι
1067 4772 1117 4826 ἀπὸ
1136 4774 1229 4829 παντὸς

184 4848 320 4927 [Puodng.
344 4849 365 4907 ii
393 4850 409 4927 §
432 4869 476 4923 10,
503 4871 531 4927 p.
558 4869 614 4924 223
640 4850 682 4907 ed.
724 4852 894 4923 ψιθυρισμοῦ,
911 4855 950 4906 καὶ
971 4856 1123 4910 κσταλαλιᾶτ
1141 4857 1228 4925 πόρρω

182 4930 306 5007 Postea]
334 4950 445 4989 necnon
470 4932 612 5009 adjectivo
638 4935 684 4987 λά-
725 4934 976 4990 ἑαυτσύτποιοῦνττς.

180 5034 241 5085 m
263 5014 305 5089 [p.
322 5031 379 5069 222
400 5012 485 5087 ibid]
507 5013 601 5072 utitur
622 5012 685 5071 (111-
770 5014 814 5069 16.
848 5016 931 5086 ἔργοις
961 5014 1135 5085 δικαιούμενοι]
1177 5036 1229 5073 tum

182 5112 263 5153 menn
276 5093 498 5153 Alexandrinus
523 5094 646 5153 wool.
720 5092 917 5171 jecstilioonteo.
936 5094 1077 5153 HEFoL.
1111 5096 1229 5155 Frustra

224 5176 687 5251 τι.Θι1τγάρ,φησ1ν]Οἱιιιτι1ιιτ
729 5176 760 5232 11.
783 5175 930 5253 Apostolis
955 5176 1042 5236 Paulo
1067 5185 1096 5235 et
1120 5179 1228 5237 ·laeobo

783 5273 840 5333 Q2
