3250 6617
348 1081 411 1146 AD
433 1082 722 1163 CORINTHIOS,
745 1088 863 1150 xxxvii.
1062 1091 1125 1153 135

86 1252 205 1355 major
221 1264 280 1330 est
294 1254 458 1356 Angelis,
474 1275 613 1356 quanto
635 1260 882 1357 praestantius
904 1286 1036 1335 nomen
1053 1287 1126 1334 sor-

88 1371 185 1445 titus
214 1380 296 1447 est:
321 1372 498 1472 scriptum
526 1374 624 1447 enim
651 1384 718 1461 est,
748 1375 825 1467 Qui
845 1376 947 1474 fucit
967 1376 1128 1474 Aopclos
1141 1394 1264 1472 Ριοὶγι-

87 1512 174 1563 euos
188 1487 346 1587 spiritua
362 1502 395 1562 et
412 1488 599 1564 mercasti-oe
615 1517 698 1564 suos
714 1489 1030 1590 ipuioflummuot.
1068 1492 1127 1567 De
1141 1459 1208 1510 Μ’
1221 1477 1229 1509 ¹
1243 1472 1265 1522 ⁷'

90 1600 186 1677 Filio
202 1614 327 1679 autem
344 1631 421 1692 sue,
438 1606 488 1679 sic
505 1606 601 1680 dixit
619 1606 809 1695 Dominus,
827 1607 950 1682 Filius
969 1634 1070 1683 meua
1092 1635 1129 1683 cs
1142 1629 1183 1678 Ρι.
1197 1628 1249 1706 15¹7.

89 1732 141 1807 tu,
157 1746 224 1819 epo
240 1720 349 1795 leodic
372 1721 485 1818 penui
506 1735 547 1797 tc.
599 1723 753 1797 Postulo
769 1750 795 1797 u
811 1751 878 1811 mc,
897 1736 928 1797 et
946 1723 1042 1798 dabo
1060 1724 1129 1799 tibi
1142 1695 1209 1744 Μ’
1221 1710 1230 1741 ¹
1242 1706 1264 1755 ⁵‘

87 1850 214 1933 pedes
239 1836 502 1912 haereditatem
530 1852 643 1926 tuum,
673 1853 705 1913 et
732 1841 997 1939 possessiouem
1026 1855 1130 1915 tecum

90 1952 268 2027 terniaco
292 1966 422 2029 terrae.
473 1954 525 2029 Et
541 1954 674 2029 iterum
697 1955 787 2029 dicit
802 1956 850 2029 ad
873 1984 966 2045 eum,
983 1956 1079 2031 Sede
1104 1982 1227 2031 emax
1241 1995 1261 2031 1.

91 2068 235 2145 dmm
249 2070 351 2158 metit
368 2070 483 2145 doocc
493 2097 637 2170 pouoot
654 2070 825 2148 indanicos
842 2087 920 2148 tuos
936 2074 1130 2148 scabellum
1144 2048 1210 2098 Ηώ·
1224 2064 1232 2096 ¹
1247 2062 1283 2109 ¹³·

89 2184 232 2285 pedum
264 2202 419 2262 tuorum.
488 2187 648 2281 Quinam
680 2199 805 2264 autem
839 2201 927 2264 sunt
961 2190 1130 2266 inimicit

92 2302 275 2379 Homines
307 2306 477 2405 perversi,
504 2316 544 2380 et
576 2306 641 2405 qui
668 2307 826 2381 Divinae
859 2306 1044 2381 voluntati
1076 2336 1131 2383 re-

91 2420 240 2497 sistrmt.

141 2536 348 2613 XXXVII.
376 2538 580 2614 Militemus
612 2540 737 2640 igitur,
771 2541 841 2613 viri
874 2540 1015 2628 fratres,
1049 2568 1132 2615 oum

91 2654 193 2729 omni
224 2653 448 2731 adsiduitate
480 2656 521 2730 in
553 2657 748 2756 inculpatis
782 2657 861 2757 ejus
903 2658 1130 2758 praeceptis:

92 2770 361 2849 oonsideremus
386 2773 521 2848 milites
546 2775 611 2874 qui
635 2776 704 2850 sub
726 2776 879 2851 ducibus
904 2777 1039 2851 nostris
1059 2804 1132 2851 me-

92 2898 187 2978 rent,
203 2916 316 2989 quam
332 2890 507 2979 ordinate,
524 2918 607 2966 eum
633 2892 870 2993 obsequentia
891 2920 1002 2993 quem
1026 2894 1132 2981 facili,

92 3130 243 3211 illaquam
256 3132 293 3192 de
310 3133 462 3193 suotacite
480 3133 597 3193 dederat
632 3139 662 3192 et
688 3134 822 3211 pericula,
850 3134 919 3192 dum
949 3135 1010 3211 ejus
1042 3133 1134 3193 officia

93 3212 209 3289 lunius,
239 3234 327 3293 quam
359 3215 496 3274 exhibent
522 3215 595 3273 Edd.
631 3216 687 3274 rite
700 3235 876 3293 peragamus,
890 3215 1043 3273 subeunda
1070 3215 1133 3273 Hu-

93 3314 194 3355 omnee
213 3303 282 3355 ante
293 3296 473 3369 Wottonnm,
487 3316 597 3356 necnon
627 3297 676 3374 jus
699 3298 819 3356 militiae
843 3296 974 3355 Christus
997 3297 1057 3355 dux
1080 3304 1132 3369 cst,

94 3374 242 3437 Burnus
261 3386 292 3437 et
312 3377 542 3449 Homemannus,
555 3380 597 3434 da
632 3398 717 3456 quem
737 3386 851 3457 oportet
870 3398 1022 3455 sequamur
1042 3384 1072 3437 et
1085 3398 1134 3437 ve-

94 3454 292 3539 τιτααιτ[όμτται
309 3466 356 3517 τοῦ
375 3456 504 3598 ww
524 3460 598 3531 θιλίμ
631 3459 725 3537 stigiis
738 3460 983 3537 ejusinsistamus,
996 3466 1030 3518 ut
1043 3460 1079 3517 ab
1099 3479 1134 3519 eo

94 3564 155 3612 ματι
175 3544 208 3597 τὸ
224 3542 322 3612 θίλημα
342 3540 414 3608 ἴδιον,
467 3541 512 3601 Sti
531 3540 598 3600 fidei
632 3542 790 3601 mercedem
824 3540 1004 3617 accipiamus.
1056 3540 1135 3598 Hine

95 3640 155 3681 non
166 3621 264 3681 minus
278 3641 366 3699 quam
384 3623 523 3682 sermonis
535 3622 598 3680 usui
635 3623 662 3682 S.
676 3623 807 3699 Ignatins
821 3621 886 3704 [Ep.
898 3622 935 3680 ad
946 3622 1134 3698 Polycarpum

95 3710 246 3781 repugnat.
301 3704 455 3764 Wottonus
487 3724 598 3763 summo
635 3702 708 3786 ῥά]
746 3707 882 3779 Ἀρίσκετε
908 3701 928 3780 ᾧ
956 3704 1133 3776 στρατεύεσθε,

92 3782 160 3863 juro
192 3785 352 3863 mflploetus
381 3794 425 3845 eet
450 3786 598 3845 librarium
633 3788 679 3859 ἀφ’
702 3787 732 3842 οὗ
754 3790 794 3842 καὶ
816 3789 849 3842 τὰ
870 3787 971 3859 ὀψώνια
994 3786 1134 3855 κομίζεσθε.

96 3864 267 3927 manum
286 3874 317 3926 et
330 3867 476 3928 incautum
495 3868 599 3945 repeti·
634 3867 699 3925 vid.
715 3866 748 3925 II
764 3867 836 3925 Tim.
852 3866 872 3923 ii
892 3886 918 3939 3,
934 3887 960 3938 4.
981 3865 1103 3924 WOTT.

96 3946 153 4007 bo
164 3948 289 4007 alterum
308 3954 344 4026 τῷ
363 3952 500 4021 θελήματα
521 3950 598 4027 quod
678 3965 721 4023 17.
736 3951 883 4025 ἡγουμένοις
900 3943 1024 4028 ἧ[μῶν],]
1046 3947 1135 4024 Lege-

97 4028 241 4109 siquibus
252 4030 348 4089 minus
360 4031 512 4091 verisimile
521 4032 599 4090 vide
634 4050 695 4088 rem
722 4034 811 4101 αὐτῶν,
834 4031 898 4108 plus
925 4029 1001 4087 enim
1026 4029 1054 4088 S.
1079 4029 1134 4086 Eo-

97 4118 172 4185 11111,
185 4110 321 4171 Davisius
335 4113 516 4172 scribendum
536 4132 600 4171 cen·
634 4112 735 4170 clasiae
756 4111 855 4171 Patres
872 4132 890 4169 a
909 4112 984 4169 bello
1004 4111 1136 4169 abhorre-

97 4200 144 4253 1111
161 4194 357 4254 ἀντιτάσσοντες
376 4198 459 4252 αὐτῶν
472 4198 505 4251 τὰ
525 4196 599 4266 delri-
635 4193 705 4252 bant
731 4214 818 4271 quam
844 4201 878 4253 ut
904 4194 1034 4253 tribunos
1063 4191 1137 4249 mili-

97 4276 347 4353 μτατῷθαλὴματι
362 4282 408 4333 τοῦ
421 4282 494 4335 θεοῦ.
537 4275 600 4333 Bir·
635 4275 818 4347 1ατοε,άιιααι
837 4294 905 4333 euos
921 4274 1063 4352 appellare
1077 4292 1138 4331 sus·

97 4354 168 4429 rius,
191 4362 266 4416 teate
289 4356 448 4430 Gallandio,
471 4356 601 4417 lectionis
634 4356 766 4415 tinerent.
789 4356 899 4414 FELL
951 4356 1030 4414 Fello
1050 4354 1138 4413 adsti-

98 4436 241 4497 surianae
250 4439 442 4516 patrocinium
451 4438 601 4499 sibisusci—
635 4438 750 4515 pulatur
768 4437 951 4497 Columesins.
993 4435 1034 4495 At
1050 4455 1138 4494 none

98 4517 238 4597 piendum
263 4520 446 4593 existimavit,
470 4528 500 4581 et
526 4521 602 4579 hunc
636 4520 798 4595 conjectura
818 4539 904 4591 mera,
918 4519 992 4576 sicut
1011 4516 1055 4575 his
1069 4516 1138 4575 viris

99 4599 251 4661 loeumita
263 4602 387 4675 refinxit,
395 4604 602 4673 ἀντιτασσόμενοι
636 4601 728 4660 doctis
752 4601 845 4659 visum
866 4608 918 4671 est,
942 4599 1015 4657 hano
1040 4597 1138 4657 lectio

99 4686 183 4741 αὐτόα
192 4687 230 4761 τῷ
243 4684 365 4756 θελήματι
377 4690 413 4763 τῷ
427 4685 547 4755 θελήματι
556 4690 602 4741 τοῦ
636 4702 703 4740 nem
717 4681 834 4741 dederat
848 4681 867 4739 J
868 4680 952 4739 unius
964 4700 973 4752 3
993 4680 1070 4758 apud
1083 4679 1139 4739 Oo-

100 4770 175 4825 Θεοῦ.
211 4764 342 4844 Oonjecit
357 4767 492 4825 nimirum
504 4784 602 4824 vocem
637 4763 730 4822 dicem
757 4763 834 4821 enim
861 4763 979 4820 MStum
1006 4762 1089 4820 litera
1113 4771 1137 4816 H

99 4848 276 4907 drfflbrevi
295 4856 364 4907 nota
383 4848 518 4925 scriptam
536 4868 553 4905 a
569 4847 602 4905 li·
637 4845 842 4903 adlrucexstat.
872 4843 969 4921 Lipsio
983 4861 1139 4919 pronomen

101 4931 197 4991 brario
209 4930 439 5011 praetermissam
450 4929 543 4988 irrisae.
638 4929 707 4997 ἡμῶν
714 4926 917 4984 documentum
925 4932 968 4983 ost
975 4924 1140 4982 luculentis·

145 5033 190 5088 14
205 5010 431 5092 Στρατευσώμιθα]
443 5010 605 5071 Christiana
639 5006 1139 5085 simnmapopuloRomanoclemen-

103 5096 218 5177 Religio
229 5094 343 5174 saepius
357 5102 538 5173 eomparatur
550 5092 603 5149 mi·
639 5098 698 5149 tem
712 5098 841 5149 nostrum
855 5088 994 5165 originem
1008 5088 1130 5146 duxisse.

102 5176 182 5239 litiae
195 5186 315 5257 propter
327 5176 439 5237 labores
451 5175 605 5235 indefessos
680 5172 716 5230 ib.
732 5166 900 5250 ιύιίιιτα[α],]
923 5169 1003 5227 Haec
1016 5169 1110 5240 lectio,
1123 5188 1141 5227 a
