3250 6617
499 1041 644 1106 INDEX
673 1039 947 1105 EDI'PIONUM.
1170 1039 1245 1103 lxxv

214 1218 305 1302 1699,
324 1215 463 1293 Ocooioe,
480 1214 509 1277 8.
540 1215 572 1277 Ε
584 1215 706 1277 Theatro
721 1214 926 1278 Sleldoaiono.
1257 1237 1381 1303 Ignotus.

339 1317 370 1379 J.
386 1317 424 1379 Il.
442 1316 597 1396 Garama,
613 1316 647 1380 in
665 1324 751 1380 tamo
769 1314 819 1383 2⁶⁰
835 1315 995 1400 Spicilegii
1013 1315 1153 1393 Patrum,
1169 1313 1244 1396 Epi·

295 1420 408 1485 stolam
433 1420 473 1483 ad
500 1420 657 1484 Romanos
681 1421 775 1505 juxta
798 1419 946 1483 Ruinarti
971 1419 1128 1503 exemplar
1152 1417 1246 1481 verbo

294 1529 387 1588 tenus
409 1523 562 1602 exhibuit,
581 1523 742 1607 variasque
763 1523 912 1588 lectiones
931 1522 1114 1586 Ueserianas
1136 1521 1169 1584 in
1192 1542 1245 1584 cu-

292 1628 405 1712 jusque
420 1627 553 1711 paginae
567 1626 700 1690 limbum
715 1627 857 1712 conjecit.
892 1627 1082 1710 Fragmenta
1096 1624 1247 1711 quaedam

296 1730 427 1807 addidit,
443 1753 515 1794 cum
537 1730 731 1795 Praefatione
753 1731 791 1795 de
813 1730 942 1815 Ignatio
965 1736 997 1794 et
1019 1731 1085 1815 ejus
1105 1728 1246 1813 Scriptis.

296 1857 348 1918 pp.
365 1834 478 1910 1—26,
493 1838 526 1897 et
542 1850 720 1918 225—230.

216 1975 307 2041 1714,
327 1961 466 2038 Orouioe,
483 1961 512 2024 8.

340 2064 461 2129 Prodiit
474 2064 570 2129 editio
585 2065 683 2129 altera
696 2065 816 2130 auctior
830 2073 863 2130 et
876 2066 1076 2130 emendatior.

217 2200 307 2281 1708,
327 2201 444 2278 Oconii,
461 2200 490 2264 8.
519 2202 550 2264 Ε
562 2203 685 2265 Theatra
700 2202 906 2266 Sleldoniooo.

341 2304 487 2369 Canobus
513 2307 662 2369 Annmcn
693 2305 936 2390 imprimendum
968 2307 1090 2370 curavit
1119 2329 1249 2391 apogra-

297 2408 396 2491 phum
422 2408 547 2472 Codicis
573 2407 708 2472 Medicei
737 2410 777 2473 ab
800 2410 840 2472 A.
854 2409 902 2473 M.
931 2409 1080 2488 Solvinio,
1108 2409 1250 2494 Linguae

299 2510 434 2576 Graecae
456 2511 490 2574 in
513 2511 693 2576 Florentino
717 2513 889 2598 Gymnaeio
912 2514 1096 2591 Professore,
1114 2513 1249 2598 descrip-

298 2622 378 2679 tum.
409 2615 494 2698 (MS.
521 2615 610 2678 Bodl.
636 2620 720 2699 227.)
768 2615 809 2679 In
838 2616 980 2700 margine
1005 2621 1170 2682 contextus
1195 2638 1249 2702 ap·

298 2719 403 2803 posuit
423 2719 618 2802 conjecturas
641 2718 773 2782 Salvinii
795 2724 828 2783 et
847 2719 970 2798 vossii,
1002 2720 1175 2786 versionem
1196 2743 1249 2785 ve·

297 2828 396 2886 terem
413 2821 602 2905 castigavit3
624 2820 775 2886 versionis
795 2821 931 2906 margini
951 2823 1069 2888 adlevit
1088 2823 1250 2888 citationes

298 2924 465 3003 Cotelerii3
503 2925 572 3009 ipsa
599 2924 666 2988 loca
698 2925 795 2989 citata
826 2925 861 2988 in
892 2926 955 2991 fine
988 2927 1060 2991 libri
1093 2926 1247 3011 apposuit.

296 3027 462 3091 Praemisit
484 3027 647 3112 Polycarpi
669 3027 710 3091 ad
731 3027 946 3113 Philippenses
966 3030 1159 3114 Epistolam:
1185 3035 1250 3094 tres

297 3131 393 3195 etiam
413 3129 698 3215 pseudepigraphos
716 3130 838 3215 Ignatii
852 3132 1009 3216 Epistolas
1024 3155 1103 3219 quae
1121 3134 1155 3196 in
1171 3132 1248 3197 cod.

299 3232 386 3297 Med.
416 3233 628 3310 continentur,
658 3256 770 3318 nempe
799 3235 920 3299 Mariae
950 3235 1181 3300 Castabalitidis
1210 3234 1251 3300 ad

300 3335 474 3420 Ignatium,
502 3335 622 3419 Ignatii
651 3337 691 3400 ad
718 3336 806 3401 illam
835 3339 1036 3422 responsoria,
1062 3345 1095 3403 et
1122 3338 1251 3403 tandem

300 3439 421 3524 Ignatii
440 3440 480 3503 ad
494 3440 658 3503 Tarsenses
678 3440 818 3523 epistola,
834 3463 912 3526 quae
932 3441 1057 3527 quidem
1078 3443 1136 3506 sub
1156 3443 1251 3506 finem

299 3541 412 3605 mutila
426 3546 484 3619 est,
499 3541 702 3625 publicandas
717 3542 818 3606 duxit.

344 3645 448 3730 Hujus
472 3643 617 3708 editionis
641 3651 769 3707 centum
791 3645 946 3709 duntaxat
968 3645 1155 3729 exemplaria
1178 3654 1254 3711 sunt

299 3746 440 3811 formulis
466 3745 622 3830 descripta
646 3747 893 3831 typographicis.
939 3747 1110 3811 Censuram
1135 3748 1254 3813 Smithi

297 3848 402 3913 videas
422 3849 462 3913 ad
483 3849 598 3913 calcem
614 3847 841 3912 chronicorum
856 3849 878 3911 J
879 3850 1010 3914 ohannis
1026 3850 1253 3916 Glastoniensia

299 3952 338 4016 ab
354 3951 493 4016 Hearnio
509 3952 675 4029 editorum,
689 3975 720 4036 p.
731 3952 792 4032 461
807 3975 852 4036 sq.
898 3952 947 4016 Cf.
964 3955 1036 4017 Act.
1052 3954 1148 4018 Erud.
1165 3953 1252 4039 Lips.

299 4078 326 4118 a.
343 4070 435 4141 1713,
450 4076 548 4118 mens.
566 4054 652 4137 Sept.
669 4077 699 4137 p.
714 4074 776 4141 399
792 4078 837 4139 sq.

216 4216 309 4285 1709,
329 4200 447 4277 oxonii,
462 4221 493 4279 4.
521 4199 551 4260 ll
564 4198 687 4262 lheotro
702 4199 910 4262 Sdeldoniaao.

341 4303 475 4366 Tirones
491 4301 606 4379 Smrn,
621 4301 653 4364 S.
664 4301 700 4364 Τ.
712 4302 748 4364 Ρ.
762 4301 841 4365 Coll.
858 4302 896 4365 B.
909 4301 1029 4366 Mariae
1045 4303 1253 4389 Magdalenae

299 4404 374 4469 olim
391 4402 509 4481 Socios,
525 4425 623 4487 quum
637 4401 808 4466 editionem
823 4424 918 4487 quam
934 4402 1114 4482 Pearsonus,
1127 4404 1251 4471 Vindio.

300 4509 372 4592 Ign.
398 4506 434 4569 P.
449 4505 473 4569 ii
503 4528 569 4590 cap.
590 4523 628 4589 15
654 4529 686 4589 p.
706 4526 778 4592 203,
794 4527 827 4569 se
845 4504 1068 4569 adornatumm
1086 4517 1252 4593 receperat,

298 4633 381 4674 mors
403 4608 633 4694 praevertisset,
650 4609 784 4673 edendas
805 4609 925 4692 accepit
946 4610 1165 4675 annotationes
1188 4614 1253 4698 ejus

298 4713 492 4798 posthumae,
508 4717 541 4776 et
562 4712 691 4776 schedas
711 4710 870 4797 Ledgardi
892 4711 1067 4795 complexas
1087 4714 1252 4780 varietates

297 4815 440 4882 lectionis
455 4838 531 4899 quas
552 4815 628 4879 olim
644 4814 831 4893 Florentiae,
846 4820 960 4898 rogatu
980 4815 1136 4896 Pearsoni,
1152 4841 1169 4881 e
1189 4819 1251 4882 ool·

298 4917 414 4982 latione
429 4916 574 4980 editionis
586 4917 757 4982 Vossianae
772 4923 1013 5001 comparaverat.

343 5019 382 5082 In
404 5018 469 5082 ima
489 5019 605 5104 pagina
627 5019 749 5083 addidit
771 5021 962 5104 conjecturas
984 5019 1105 5084 criticas
1129 5028 1161 5085 et
1182 5043 1251 5106 per-

298 5121 404 5185 brevia
435 5122 575 5186 scholia:
614 5122 760 5206 apposuit
790 5122 962 5188 versionem
993 5130 1128 5189 veterem
1158 5146 1252 5208 quam

938 5227 994 5294 ka
