3250 6617
348 1052 413 1115 244
716 1050 748 1112 S.
772 1048 1029 1115 otuMuNuls

349 1227 470 1324 ἀγῶνα
500 1219 563 1301 τὸν
594 1220 790 1328 ἄφθαρτον,
819 1224 877 1301 καὶ
902 1223 1035 1298 πολλοὶ
1064 1223 1111 1302 sic
1142 1215 1249 1296 αι’σὸν
1279 1251 1387 1295 κατα·

348 1348 573 1447 πλεύσωμεν·
608 1353 664 1427 καὶ
693 1347 962 1449 ἀγωνισώμεθα,
994 1347 1052 1425 ἵνα
1084 1349 1167 1451 [idai
1199 1351 1387 1449 στεφανω-

349 1482 475 1576 θῶμεν·
518 1481 575 1556 καὶ
608 1482 636 1555 εὶ
675 1474 750 1581 [idi]
784 1473 959 1573 δυνάμεθα
992 1473 1143 1558 ἅπαντες
1173 1475 1387 1584 στεφα[ν]ω·

348 1609 462 1704 θῆναι,
484 1602 550 1683 κᾶν
568 1603 673 1704 ἐγγὺς
699 1613 762 1683 τοῦ
790 1600 972 1709 στεφάνου
999 1600 1190 1702 γενώμεθα.
1250 1600 1389 1679 Εἱδέναι

347 1733 439 1830 ἡμᾶς
457 1735 510 1811 δεῖ
529 1731 582 1811 im
600 1735 619 1811 ὁ
636 1731 699 1811 τὸν
719 1731 880 1838 φθαμιὸν
897 1733 1020 1830 ἀγῶνα
1044 1726 1308 1829 ἀγωνιζὸμενος,
1327 1727 1420 1811 ἐὰν5

348 1863 469 1964 εὑρεθῇ
497 1861 660 1964 φθείρων,
684 1862 921 1960 μαστιγωθεὶς
949 1858 1094 1961 αἴρεται,
1115 1861 1173 1936 καὶ
1196 1855 1267 1961 ἕξω
1290 1854 1386 1950 βάλ-

350 2000 446 2068 λεται
475 1998 538 2069 τοῦ
566 1989 728 2069 σταδίαν.
789 1988 839 2068 Τι’
859 1991 1010 2081 δοκεῖτε;
1040 1990 1059 2066 ὁ
1080 1985 1143 2066 τὸν
1160 1991 1223 2086 τῆς
1245 1988 1387 2092 ἀφθαρ-

349 2118 432 2202 σίας
449 2119 571 2217 ἀγῶνα
590 2117 744 2220 φθείρας,
763 2118 800 2196 τί
820 2121 1000 2210 παθεῖται;
1030 2113 1190 2219 τῶνγὰρ
1210 2113 1259 2214 μὴ
1277 2148 1387 2217 τηρη-

349 2242 507 2338 σαὶντων,
538 2243 666 2348 φησίν,
691 2240 756 2341 τὴν
786 2246 986 2350 σφραγῖδα,
1009 2246 1064 2323 “ὁ
1090 2239 1248 2346 σκώληξ
1273 2243 1390 2321 αὐτῶν

350 2550 397 2607 lib.
417 2549 454 2606 iii.
500 2549 564 2607 Hoc
589 2549 666 2608 enim
689 2549 850 2626 significatu

349 2631 465 2689 solenne
488 2631 566 2689 istud
591 2632 710 2708 agonale
730 2633 851 2689 verbum

350 2720 400 2770 est.
425 2711 626 2770 GALLAND.
671 2712 748 2773 Huic
763 2712 850 2769 Birrii

350 2793 510 2870 explicandi
520 2793 625 2852 rationi
636 2793 711 2852 iuvet
722 2794 850 2852 absentio

350 2874 569 2955 praepositionis
582 2882 648 2934 ente
661 2877 753 2948 ἀγῶνα.
795 2875 813 2932 J
816 2895 847 2932 u·

350 2956 415 3012 nins
435 2963 465 3014 et
489 2955 602 3014 Boisins
623 2975 687 3014 curn
712 2956 850 3015 Wottono

351 3037 470 3095 mellent
490 3041 524 3095 εἷς
544 3039 643 3111 ἀγῶνα;
667 3037 786 3114 Freyius
804 3037 850 3096 vei

351 3121 387 3177 sis
400 3119 444 3175 vel
459 3123 523 3192 πρός
536 3118 688 3178 interserit.

397 3219 419 3256 1.
436 3203 471 3258 εἷς
484 3196 570 3279 αὐτὸν]
586 3200 633 3259 Itu
643 3220 659 3258 e
670 3200 756 3259 MSto
768 3200 852 3261 resti·
892 3208 900 3235 ‘

351 3281 409 3341 tuit
423 3280 578 3339 Wottonus
597 3301 649 3359 pro
666 3285 754 3338 ἑαυτόν
774 3281 852 3358 quod

353 3362 471 3420 dederat
484 3362 503 3419 J
505 3363 595 3420 unius.

395 3463 421 3500 2.
436 3446 626 3516 ἀγωνισώμεθα,
640 3469 662 3501 ιι.
675 3469 698 3502 τ.
711 3440 751 3523 λ]
765 3443 852 3502 Hunc

354 3526 449 3583 locum
462 3524 531 3584 citat
541 3525 712 3596 Dorotheus,
725 3522 852 3606 [vigebat

353 3607 466 3665 circiter
489 3607 523 3664 A.
546 3607 581 3664 D.
608 3603 689 3686 560]
716 3607 766 3665 sed
794 3627 851 3664 non

353 3690 492 3759 αὐτολεξεί,
502 3688 641 3747 Doctrina
651 3688 732 3760 xxiii,
741 3691 794 3744 Κᾶν
801 3692 851 3762 γὰρ

354 3773 398 3825 οὐκ
417 3771 566 3842 ἐφθάσαμεν
578 3773 624 3840 τὴν
636 3774 791 3826 κατάστασιν
802 3777 852 3824 τῶν

354 3854 439 3924 ιλγίων,
449 3853 494 3906 κᾶν
504 3854 549 3907 cix
562 3854 640 3921 ἔσμεν
652 3853 718 3920 ὅξιαι
731 3851 776 3906 rosi
790 3848 852 3907 εἶναι

892 2549 961 2607 ‘Ad
982 2549 1106 2625 primum
1129 2549 1223 2607 locum
1244 2556 1389 2607 certamen

892 2637 997 2689 ‘omne
1013 2630 1167 2701 contendit,
1182 2630 1321 2689 secundus
1339 2630 1389 2688 he·

890 2713 963 2772 ‘bet
989 2712 1131 2778 solatium,
1153 2711 1302 2770 victoriam
1330 2732 1389 2770 nou

891 2794 1015 2852 ‘hebet’
1056 2793 1201 2871 Ephremi,
1215 2793 1322 2852 citente
1337 2793 1388 2852 Pe-

889 2883 936 2934 tro
963 2875 1065 2946 Fabro,
1095 2875 1257 2952 Agonistici
1283 2874 1331 2932 lib.
1356 2875 1389 2932 iii

890 2977 949 3034 cop.
983 2976 1027 3027 10,
1062 2956 1264 3015 ‘Festinemus
1291 2963 1389 3015 eutem

892 3038 1012 3116 ‘magis
1040 3045 1073 3097 ut
1099 3058 1164 3096 cum
1196 3037 1329 3115 perfectis
1355 3057 1390 3095 sc

892 3125 901 3152 ‘
914 3120 1044 3179 fidelibus
1054 3139 1240 3179 coronemur:
1257 3119 1301 3178 sin
1311 3138 1389 3192 vero,

913 3201 959 3260 vel
993 3221 1058 3260 cum
1085 3201 1184 3260 multis
1216 3200 1390 3278 placentium

893 3282 1027 3341 ‘leudem
1048 3283 1191 3359 praeconii
1218 3301 1388 3341 mercemur.

893 3364 1020 3423 ‘Beatus
1038 3364 1087 3442 qui
1108 3365 1139 3421 in
1157 3383 1248 3440 egone
1265 3371 1390 3423 certave-

893 3447 961 3516 ‘rit,
976 3454 1009 3504 ut
1025 3465 1090 3503 cum
1109 3445 1240 3523 perfectis
1252 3445 1390 3504 victorine

893 3533 900 3558 ‘
914 3547 1047 3585 eoronam
1060 3528 1188 3604 accipiet.
1218 3526 1391 3586 Miserabilis

893 3614 900 3640 ‘
914 3629 982 3667 vero
995 3609 1044 3685 qui
1055 3610 1108 3667 hoc
1116 3616 1229 3685 tempus
1236 3608 1313 3666 vitoe
1323 3628 1390 3666 suec

892 3690 1092 3767 ‘negligenter
1117 3689 1332 3767 consumpserit,
1356 3697 1391 3750 ut

892 3771 1047 3847 ‘indignus
1074 3772 1111 3830 sit
1135 3773 1221 3830 etium
1248 3791 1313 3829 cum
1335 3771 1390 3828 mi·

893 3859 900 3884 ‘
915 3853 999 3910 nimis
1008 3853 1178 3911 collauderis
1193 3852 1392 3929 Chrysostomi

354 3935 381 3988 ἒν
397 3938 426 4001 τῇ
450 3934 510 4001 δόξῃ
532 3935 621 4003 αὐτῶν,
643 3933 711 3987 ἀλλὰ
729 3935 853 4003 δυνάμεθα
892 3935 929 3994 ud
950 3934 967 3991 Ι
991 3933 1056 3993 (ior.
1080 3934 1111 3991 ix
1132 3954 1176 4006 24.
1211 3932 1318 4073 ssflom.
1345 3953 1392 4009 23,

354 4017 387 4083 μὴ
415 4017 531 4069 ἐκπεσεῖν
554 4019 599 4069 τοῦ
622 4016 786 4086 παραδείσω,
809 4016 853 4069 ε’ὰν
894 4015 967 4092 Opp.
986 4036 1005 4072 x
1026 4037 1052 4092 p.
1072 4035 1128 4072 200
1150 4017 1194 4074 ed.
1236 4012 1295 4096 eth]
1334 4016 1393 4074 Νο-

355 4096 481 4168 νὴφωμεν,
495 4098 535 4149 καὶ
551 4098 677 4163 βιάζωμεν
690 4097 793 4153 ἔανταῦι
812 4119 852 4166 μι-
892 4098 971 4154 scitis
994 4098 1072 4172 quod
1090 4098 1142 4172 qui
1160 4098 1195 4155 in
1214 4098 1309 4156 stadio
1327 4118 1393 4156 cur-

356 4181 424 4249 κρόν·
445 4179 479 4233 ὡς
492 4177 561 4247 λε’γει
576 4179 616 4231 καὶ
630 4181 644 4231 ὁ
658 4178 730 4249 ἅγιος
743 4176 854 4247 Κλήμης,
895 4189 974 4250 rectit,
997 4199 1093 4236 omnes
1119 4180 1234 4253 quidem
1260 4189 1393 4251 mortum,

357 4259 401 4312 κᾶν
413 4259 447 4327 μὴ
461 4260 623 4329 στεφανωταί
636 4258 760 4325 neritii
774 4281 855 4314 σπον-
895 4261 946 4318 scd
976 4281 1055 4318 unus
1088 4261 1191 4336 accipit
1234 4260 1394 4319 bravium?

357 4341 423 4408 δάση
455 4340 488 4408 μὴ
515 4341 611 4410 μακρὰν
638 4340 778 4409 εὑρεθνῆναι
805 4346 856 4394 τῶν
895 4348 976 4398 Τοῦτο
989 4345 1016 4398 δὲ
1031 4343 1108 4416 λέγει,
1122 4345 1170 4415 οὐχ
1184 4347 1218 4401 ὡς
1235 4346 1276 4399 καὶ
1289 4345 1395 4399 ἐνταῦθα

357 4421 573 4491 στεφανουμένων.
597 4418 716 4477 WOTT.
897 4427 950 4482 ἔνθα
977 4427 1004 4479 eir
1027 4428 1127 4482 πάνιων
1148 4427 1288 4496 μέλλοντος
1314 4428 1394 4493 σύζε-

399 4519 425 4573 3.
456 4502 477 4555 εἰ
506 4496 566 4579 [ispi
588 4503 719 4571 δυνάμεθα,
739 4525 760 4558 ιι.
777 4525 800 4556 τ.
815 4496 854 4579 λ]
897 4508 967 4561 σθαι·
981 4509 1071 4580 ἄπαγε·
1090 4507 1148 4562 ἄλλ’
1162 4509 1194 4564 ὣς
1208 4509 1308 4576 πολλὴν
1321 4507 1394 4578 ὀφει-

360 4582 423 4638 Lux
444 4581 567 4657 petenda
584 4601 620 4639 ex
639 4582 749 4658 legibus
767 4582 856 4641 athle-
897 4591 993 4642 λόντων
1012 4588 1081 4657 ἡμῶν
1093 4589 1242 4660 εἰσενεγκεῖν
1253 4589 1299 4657 τὴν
1311 4610 1394 4643 που·

359 4663 431 4734 ticis,
449 4663 554 4739 quippe
577 4683 629 4739 per
651 4683 721 4740 quus
742 4663 791 4719 uni
810 4683 856 4721 co·
897 4669 948 4738 δήν.
987 4669 1090 4740 Ὠσπερ
1113 4671 1162 4740 γὰρ
1185 4671 1236 4723 ε’κεῑ
1261 4672 1396 4725 κατιόντων

358 4763 429 4801 rona
455 4745 538 4809 cedit,
565 4752 776 4820 consequuntur
807 4744 856 4801 alii
897 4753 1003 4804 πολλῶν
1019 4752 1054 4806 εἰς
1074 4753 1103 4804 τὸ
1123 4752 1226 4804 στάδιον
1245 4751 1275 4804 οὗ
1296 4752 1394 4820 οτεφα·

359 4826 493 4902 praemia,
520 4826 567 4883 olii
596 4834 695 4902 postca
724 4826 856 4884 leudem:
898 4835 994 4886 νοῦνται
1014 4833 1115 4895 πολλοὶ,
1129 4831 1188 4885 ἀλλ’
1202 4831 1237 4887 εἰς
1257 4831 1300 4885 ἕνα
1319 4835 1395 4886 τοῦτο

359 4916 484 4965 caeteros
506 4928 557 4965 nec
578 4927 690 4979 corono,
704 4928 755 4965 nec
776 4927 856 4984 pree·
895 4909 1064 4984 περιΐσταται,
1080 4915 1120 4967 καὶ
1137 4914 1181 4966 οὐκ
1196 4912 1268 4983 ἀρκεῖ
1284 4917 1314 4968 τὸ
1334 4915 1395 4968 ms

359 4989 457 5059 mium,
472 5009 523 5046 nec
536 4989 598 5047 iaus
616 4997 719 5046 menet.
762 4989 857 5047 Verbo
896 4998 957 5049 εἶναι
977 4995 1012 5051 εἷς
1032 4997 1076 5048 τὸν
1091 4994 1182 5066 ἀγῶνα,
1196 4998 1253 5048 οὔτε
1274 4997 1304 5049 τὸ
1324 4995 1393 5051 ὀλεί-

359 5070 524 5127 Tertulliuni
540 5079 614 5142 sunt,
628 5071 702 5127 lib.i
724 5071 759 5128 ud
775 5070 856 5128 Uxo·
896 5077 1000 5147 ψασθαι
1021 5078 1061 5130 καὶ
1083 5079 1216 5132 παλαῖσαι·
1246 5073 1326 5135 οὕτως
1353 5081 1394 5134 καὶ

360 5170 495 5228 rem,cep.
509 5172 534 5225 3,
549 5149 587 5232 [p.
606 5154 658 5226 163
675 5152 716 5210 ed.
732 5149 851 5230 Rigalt]
896 5157 1002 5212 ἐνταῦθα
1028 5159 1074 5212 οὐκ
1100 5158 1169 5229 ἀρκεῖ
1189 5160 1218 5212 τὸ
1246 5162 1391 5229 πιστεῦσαι,
