<?xml version="1.0" encoding="UTF-8"?>
<!DOCTYPE html PUBLIC "-//W3C//DTD XHTML 1.0 Transitional//EN"
    "http://www.w3.org/TR/xhtml1/DTD/xhtml1-transitional.dtd">
<html xmlns="http://www.w3.org/1999/xhtml" xml:lang="en" lang="en">
 <head>
  <title>
</title>
<meta http-equiv="Content-Type" content="text/html;charset=utf-8" />
  <meta name='ocr-system' content='tesseract 3.04.00' />
  <meta name='ocr-capabilities' content='ocr_page ocr_carea ocr_par ocr_line ocrx_word'/>
</head>
<body>
  <div class='ocr_page' id='page_1' title='image "./sclementisroman00polygoog_0146.png"; bbox 0 0 3250 6617; ppageno 0'>
   <div class='ocr_carea' id='block_1_1' title="bbox 410 1064 1088 1131">
    <p class='ocr_par' dir='ltr' id='par_1_1' title="bbox 410 1064 1088 1131">
     <span class='ocr_line' id='line_1_1' title="bbox 410 1064 1088 1131; baseline 0 -1"><span class='ocrx_word' id='word_1_1' title='bbox 410 1064 452 1130; x_wconf 90' lang='lat'>60</span> <span class='ocrx_word' id='word_1_2' title='bbox 775 1067 807 1130; x_wconf 85' lang='lat' dir='ltr'>S.</span> <span class='ocrx_word' id='word_1_3' title='bbox 832 1067 1088 1131; x_wconf 78' lang='lat' dir='ltr'>CLEMENTIS</span> 
     </span>
    </p>
   </div>
   <div class='ocr_carea' id='block_1_2' title="bbox 242 1236 1453 1598">
    <p class='ocr_par' dir='ltr' id='par_1_2' title="bbox 242 1236 1453 1598">
     <span class='ocr_line' id='line_1_2' title="bbox 412 1236 1453 1343; baseline 0 -27"><span class='ocrx_word' id='word_1_4' title='bbox 412 1250 439 1287; x_wconf 88' lang='lat'>“</span> <span class='ocrx_word' id='word_1_5' title='bbox 456 1239 568 1343; x_wconf 78' lang='grc' dir='ltr'>εὗρον.</span> <span class='ocrx_word' id='word_1_6' title='bbox 626 1239 804 1320; x_wconf 82' lang='grc' dir='ltr'>Φύλασσε</span> <span class='ocrx_word' id='word_1_7' title='bbox 833 1242 991 1335; x_wconf 75' lang='grc' dir='ltr'>ἀκακίαν,</span> <span class='ocrx_word' id='word_1_8' title='bbox 1021 1245 1078 1319; x_wconf 80' lang='grc' dir='ltr'>καὶ</span> <span class='ocrx_word' id='word_1_9' title='bbox 1107 1239 1158 1318; x_wconf 84' lang='grc' dir='ltr'>ἰ’δε</span> <span class='ocrx_word' id='word_1_10' title='bbox 1184 1236 1365 1338; x_wconf 65' lang='grc' dir='ltr'>εὐθύτητα,</span> <span class='ocrx_word' id='word_1_11' title='bbox 1399 1238 1453 1319; x_wconf 81' lang='grc' dir='ltr'>ὅτι</span> 
     </span>
     <span class='ocr_line' id='line_1_3' title="bbox 412 1365 1241 1476; baseline 0.001 -32"><span class='ocrx_word' id='word_1_12' title='bbox 412 1378 438 1413; x_wconf 87' lang='grc'>“</span> <span class='ocrx_word' id='word_1_13' title='bbox 457 1368 556 1446; x_wconf 77' lang='grc' dir='ltr'>ἐστὶν</span> <span class='ocrx_word' id='word_1_14' title='bbox 574 1365 838 1469; x_wconf 78' lang='grc' dir='ltr'>ἐγκατάλειμμα</span> <span class='ocrx_word' id='word_1_15' title='bbox 856 1367 1032 1476; x_wconf 77' lang='grc' dir='ltr'>ἁνθρῶπιρ</span> <span class='ocrx_word' id='word_1_16' title='bbox 1049 1366 1241 1474; x_wconf 77' lang='grc' dir='ltr'>εἶρηνικῲ.”</span> 
     </span>
     <span class='ocr_line' id='line_1_4' title="bbox 242 1490 1450 1598; baseline 0 -26"><span class='ocrx_word' id='word_1_17' title='bbox 242 1512 387 1561; x_wconf 65' lang='grc' dir='ltr'>Αάῑιωτοπ·</span> <span class='ocrx_word' id='word_1_18' title='bbox 466 1490 539 1575; x_wconf 85' lang='lat' dir='ltr'>lE&#39;.</span> <span class='ocrx_word' id='word_1_19' title='bbox 568 1496 699 1576; x_wconf 81' lang='grc' dir='ltr'>Τοίνυν</span> <span class='ocrx_word' id='word_1_20' title='bbox 720 1502 953 1596; x_wconf 85' lang='grc' dir='ltr'>κολληθῶμεν</span> <span class='ocrx_word' id='word_1_21' title='bbox 971 1505 1044 1581; x_wconf 79' lang='grc' dir='ltr'>τοῖς</span> <span class='ocrx_word' id='word_1_22' title='bbox 1063 1497 1136 1594; x_wconf 85' lang='grc' dir='ltr'>μετ’</span> <span class='ocrx_word' id='word_1_23' title='bbox 1156 1497 1336 1591; x_wconf 79' lang='grc' dir='ltr'>εὐσεβείας</span> <span class='ocrx_word' id='word_1_24' title='bbox 1356 1501 1450 1598; x_wconf 81' lang='grc' dir='ltr'>εἰρη-</span> 
     </span>
    </p>
   </div>
   <div class='ocr_carea' id='block_1_3' title="bbox 243 1579 467 1647">
    <p class='ocr_par' dir='ltr' id='par_1_3' title="bbox 243 1579 467 1647">
     <span class='ocr_line' id='line_1_5' title="bbox 243 1579 467 1647; baseline 0 -21"><span class='ocrx_word' id='word_1_25' title='bbox 243 1579 304 1626; x_wconf 89' lang='lat' dir='ltr'>dum</span> <span class='ocrx_word' id='word_1_26' title='bbox 312 1579 388 1627; x_wconf 85' lang='lat' dir='ltr'>estiis</span> <span class='ocrx_word' id='word_1_27' title='bbox 457 1619 467 1647; x_wconf 57' lang='grc' dir='ltr'><em>Ι</em></span> 
     </span>
    </p>
   </div>
   <div class='ocr_carea' id='block_1_4' title="bbox 242 1621 1453 1777">
    <p class='ocr_par' dir='ltr' id='par_1_4' title="bbox 242 1621 1453 1777">
     <span class='ocr_line' id='line_1_6' title="bbox 242 1621 1453 1758; baseline 0.002 -59"><span class='ocrx_word' id='word_1_28' title='bbox 242 1644 580 1758; x_wconf 46' lang='grc' dir='ltr'>ρῶὶυριῖοὲῗῃνευουσιν,</span> <span class='ocrx_word' id='word_1_29' title='bbox 608 1627 665 1703; x_wconf 81' lang='grc' dir='ltr'>καὶ</span> <span class='ocrx_word' id='word_1_30' title='bbox 696 1621 746 1723; x_wconf 83' lang='grc' dir='ltr'>μὴ</span> <span class='ocrx_word' id='word_1_31' title='bbox 773 1631 847 1709; x_wconf 80' lang='grc' dir='ltr'>τοῖς</span> <span class='ocrx_word' id='word_1_32' title='bbox 874 1625 948 1722; x_wconf 85' lang='grc' dir='ltr'>μεθ</span> <span class='ocrx_word' id='word_1_33' title='bbox 977 1623 1195 1726; x_wconf 77' lang='grc' dir='ltr'>ὑποκρίσεως</span> <span class='ocrx_word' id='word_1_34' title='bbox 1220 1623 1453 1724; x_wconf 73' lang='grc' dir='ltr'>βουλομένοις</span> 
     </span>
     <span class='ocr_line' id='line_1_7' title="bbox 328 1746 480 1777; baseline -0.007 1"><span class='ocrx_word' id='word_1_35' title='bbox 328 1746 336 1770; x_wconf 72' lang='grc' dir='ltr'><em>Ι</em></span> <span class='ocrx_word' id='word_1_36' title='bbox 426 1754 435 1776; x_wconf 71' lang='lat'>9</span> <span class='ocrx_word' id='word_1_37' title='bbox 469 1749 480 1777; x_wconf 88' lang='grc' dir='ltr'><em>Ι</em></span> 
     </span>
    </p>
   </div>
   <div class='ocr_carea' id='block_1_5' title="bbox 243 1750 1483 2239">
    <p class='ocr_par' dir='ltr' id='par_1_5' title="bbox 243 1750 1483 1887">
     <span class='ocr_line' id='line_1_8' title="bbox 243 1750 1483 1887; baseline 0.015 -66"><span class='ocrx_word' id='word_1_38' title='bbox 243 1775 328 1887; x_wconf 59' lang='lat' dir='ltr'>nilque</span> <span class='ocrx_word' id='word_1_39' title='bbox 340 1791 396 1852; x_wconf 63' lang='lat' dir='ltr'>eam</span> <span class='ocrx_word' id='word_1_40' title='bbox 408 1783 559 1852; x_wconf 76' lang='grc' dir='ltr'>ειρηννγν.</span> <span class='ocrx_word' id='word_1_41' title='bbox 620 1752 724 1855; x_wconf 80' lang='grc' dir='ltr'>Λέγει</span> <span class='ocrx_word' id='word_1_42' title='bbox 741 1750 812 1857; x_wconf 84' lang='grc' dir='ltr'>γάρ</span> <span class='ocrx_word' id='word_1_43' title='bbox 831 1788 914 1851; x_wconf 87' lang='grc' dir='ltr'>που,</span> <span class='ocrx_word' id='word_1_44' title='bbox 935 1765 956 1801; x_wconf 87' lang='grc'><strong>“</strong></span> <span class='ocrx_word' id='word_1_45' title='bbox 968 1753 1087 1838; x_wconf 76' lang='grc' dir='ltr'>Οὗτος</span> <span class='ocrx_word' id='word_1_46' title='bbox 1104 1755 1123 1832; x_wconf 84' lang='grc' dir='ltr'>ὁ</span> <span class='ocrx_word' id='word_1_47' title='bbox 1141 1752 1231 1837; x_wconf 77' lang='grc' dir='ltr'>λαὸς</span> <span class='ocrx_word' id='word_1_48' title='bbox 1248 1760 1321 1836; x_wconf 77' lang='grc' dir='ltr'>ταῖς</span> <span class='ocrx_word' id='word_1_49' title='bbox 1339 1752 1483 1858; x_wconf 76' lang='grc' dir='ltr'>χαλε-5</span> 
     </span>
    </p>

    <p class='ocr_par' dir='ltr' id='par_1_6' title="bbox 243 1856 1451 2239">
     <span class='ocr_line' id='line_1_9' title="bbox 243 1856 1451 1987; baseline 0.004 -34"><span class='ocrx_word' id='word_1_50' title='bbox 243 1856 362 1954; x_wconf 55' lang='lat' dir='ltr'>mp-</span> <span class='ocrx_word' id='word_1_51' title='bbox 409 1888 430 1924; x_wconf 90' lang='lat'>“</span> <span class='ocrx_word' id='word_1_52' title='bbox 447 1877 509 1956; x_wconf 87' lang='grc' dir='ltr'>σίν</span> <span class='ocrx_word' id='word_1_53' title='bbox 526 1912 570 1975; x_wconf 90' lang='grc' dir='ltr'>με</span> <span class='ocrx_word' id='word_1_54' title='bbox 588 1883 683 1987; x_wconf 76' lang='grc' dir='ltr'>τιμᾷ,</span> <span class='ocrx_word' id='word_1_55' title='bbox 701 1880 723 1979; x_wconf 81' lang='grc' dir='ltr'><em>ἡ</em></span> <span class='ocrx_word' id='word_1_56' title='bbox 743 1879 779 1958; x_wconf 77' lang='grc' dir='ltr'>δὲ</span> <span class='ocrx_word' id='word_1_57' title='bbox 798 1880 924 1983; x_wconf 84' lang='grc' dir='ltr'>καρδία</span> <span class='ocrx_word' id='word_1_58' title='bbox 941 1882 1058 1960; x_wconf 78' lang='grc' dir='ltr'>αὐτῶν</span> <span class='ocrx_word' id='word_1_59' title='bbox 1075 1879 1197 1983; x_wconf 85' lang='grc' dir='ltr'>πόρρω</span> <span class='ocrx_word' id='word_1_60' title='bbox 1215 1879 1365 1958; x_wconf 79' lang='grc' dir='ltr'>ἄπεστιν</span> <span class='ocrx_word' id='word_1_61' title='bbox 1388 1881 1451 1958; x_wconf 83' lang='grc' dir='ltr'>ἀπ’</span> 
     </span>
     <span class='ocr_line' id='line_1_10' title="bbox 410 2004 1450 2114; baseline 0.002 -31"><span class='ocrx_word' id='word_1_62' title='bbox 410 2017 430 2052; x_wconf 89' lang='grc'><strong>“</strong></span> <span class='ocrx_word' id='word_1_63' title='bbox 447 2007 566 2102; x_wconf 80' lang='grc' dir='ltr'>ἐμοῦ.”</span> <span class='ocrx_word' id='word_1_64' title='bbox 616 2011 687 2086; x_wconf 79' lang='grc' dir='ltr'>Καὶ</span> <span class='ocrx_word' id='word_1_65' title='bbox 705 2004 826 2105; x_wconf 75' lang='grc' dir='ltr'>πάλιν,</span> <span class='ocrx_word' id='word_1_66' title='bbox 849 2020 874 2055; x_wconf 87' lang='grc'>“</span> <span class='ocrx_word' id='word_1_67' title='bbox 890 2011 955 2114; x_wconf 71' lang='grc' dir='ltr'>Τῷ</span> <span class='ocrx_word' id='word_1_68' title='bbox 973 2004 1126 2105; x_wconf 84' lang='grc' dir='ltr'>στόματι</span> <span class='ocrx_word' id='word_1_69' title='bbox 1144 2009 1259 2086; x_wconf 81' lang='grc' dir='ltr'>αὐτῶν</span> <span class='ocrx_word' id='word_1_70' title='bbox 1278 2007 1450 2107; x_wconf 83' lang='grc' dir='ltr'>εὐλογοῦ-</span> 
     </span>
     <span class='ocr_line' id='line_1_11' title="bbox 409 2129 1451 2239; baseline -0.005 -27"><span class='ocrx_word' id='word_1_71' title='bbox 409 2143 430 2179; x_wconf 90' lang='lat'><strong>“</strong></span> <span class='ocrx_word' id='word_1_72' title='bbox 448 2167 533 2229; x_wconf 91' lang='grc' dir='ltr'>σαν,</span> <span class='ocrx_word' id='word_1_73' title='bbox 565 2135 609 2237; x_wconf 77' lang='grc' dir='ltr'>τῇ</span> <span class='ocrx_word' id='word_1_74' title='bbox 642 2130 678 2210; x_wconf 76' lang='grc' dir='ltr'>δὲ</span> <span class='ocrx_word' id='word_1_75' title='bbox 714 2168 759 2211; x_wconf 89' lang='grc' dir='ltr'>κα</span> <span class='ocrx_word' id='word_1_76' title='bbox 804 2135 839 2239; x_wconf 69' lang='lat' dir='ltr'>lp</span> <span class='ocrx_word' id='word_1_77' title='bbox 875 2134 991 2212; x_wconf 79' lang='grc' dir='ltr'>αὐτῶν</span> <span class='ocrx_word' id='word_1_78' title='bbox 1024 2129 1290 2237; x_wconf 77' lang='grc' dir='ltr'>[κα]τηρῶντο.”</span> <span class='ocrx_word' id='word_1_79' title='bbox 1349 2132 1451 2235; x_wconf 83' lang='grc' dir='ltr'>[Κ]αὶ</span> 
     </span>
    </p>
   </div>
   <div class='ocr_carea' id='block_1_6' title="bbox 407 2255 1450 2365">
    <p class='ocr_par' dir='ltr' id='par_1_7' title="bbox 407 2255 1450 2365">
     <span class='ocr_line' id='line_1_12' title="bbox 407 2255 1450 2365; baseline -0.004 -25"><span class='ocrx_word' id='word_1_80' title='bbox 407 2258 520 2340; x_wconf 81' lang='grc' dir='ltr'>πάλιν</span> <span class='ocrx_word' id='word_1_81' title='bbox 538 2260 644 2360; x_wconf 81' lang='grc' dir='ltr'>λε’γει,</span> <span class='ocrx_word' id='word_1_82' title='bbox 669 2273 695 2309; x_wconf 94' lang='lat'><strong>“</strong></span> <span class='ocrx_word' id='word_1_83' title='bbox 707 2259 932 2363; x_wconf 81' lang='grc' dir='ltr'>Ἠγάπησαν</span> <span class='ocrx_word' id='word_1_84' title='bbox 951 2260 1058 2339; x_wconf 78' lang='grc' dir='ltr'>αὐτὸν</span> <span class='ocrx_word' id='word_1_85' title='bbox 1075 2262 1126 2365; x_wconf 72' lang='grc' dir='ltr'>τῷ</span> <span class='ocrx_word' id='word_1_86' title='bbox 1148 2255 1301 2356; x_wconf 85' lang='grc' dir='ltr'>στόματι</span> <span class='ocrx_word' id='word_1_87' title='bbox 1318 2259 1450 2354; x_wconf 81' lang='grc' dir='ltr'>αὐτῶν,</span> 
     </span>
    </p>
   </div>
   <div class='ocr_carea' id='block_1_7' title="bbox 410 2380 1504 2493">
    <p class='ocr_par' dir='ltr' id='par_1_8' title="bbox 410 2380 1504 2493">
     <span class='ocr_line' id='line_1_13' title="bbox 410 2380 1452 2435; baseline -0.009 -18"><span class='ocrx_word' id='word_1_88' title='bbox 410 2400 431 2435; x_wconf 80' lang='grc'><strong>“</strong></span> <span class='ocrx_word' id='word_1_89' title='bbox 494 2392 504 2418; x_wconf 62' lang='grc' dir='ltr'>λ</span> <span class='ocrx_word' id='word_1_90' title='bbox 563 2391 578 2407; x_wconf 63' lang='lat'><strong><em>⁶</em></strong></span> <span class='ocrx_word' id='word_1_91' title='bbox 684 2388 695 2414; x_wconf 87' lang='grc' dir='ltr'><em>Ι</em></span> <span class='ocrx_word' id='word_1_92' title='bbox 845 2389 853 2413; x_wconf 68' lang='grc' dir='ltr'><strong><em>ἳ</em></strong></span> <span class='ocrx_word' id='word_1_93' title='bbox 915 2394 931 2410; x_wconf 70' lang='grc' dir='ltr'>Α</span> <span class='ocrx_word' id='word_1_94' title='bbox 993 2388 1001 2411; x_wconf 75' lang='grc' dir='ltr'>Ι</span> <span class='ocrx_word' id='word_1_95' title='bbox 1062 2384 1072 2411; x_wconf 88' lang='grc' dir='ltr'><em>Ι</em></span> <span class='ocrx_word' id='word_1_96' title='bbox 1250 2385 1259 2410; x_wconf 69' lang='lat' dir='ltr'>D</span> <span class='ocrx_word' id='word_1_97' title='bbox 1293 2380 1303 2408; x_wconf 91' lang='grc' dir='ltr'><em>Ι</em></span> <span class='ocrx_word' id='word_1_98' title='bbox 1374 2385 1383 2406; x_wconf 69' lang='grc'><strong>(</strong></span> <span class='ocrx_word' id='word_1_99' title='bbox 1443 2383 1452 2409; x_wconf 59' lang='grc' dir='ltr'>ἱ</span> 
     </span>
     <span class='ocr_line' id='line_1_14' title="bbox 448 2389 1504 2493; baseline -0.005 -27"><span class='ocrx_word' id='word_1_100' title='bbox 448 2422 504 2466; x_wconf 92' lang='grc' dir='ltr'>και</span> <span class='ocrx_word' id='word_1_101' title='bbox 534 2423 578 2493; x_wconf 75' lang='grc' dir='ltr'>τῃ</span> <span class='ocrx_word' id='word_1_102' title='bbox 615 2400 777 2493; x_wconf 81' lang='grc' dir='ltr'>γλωσσῃ</span> <span class='ocrx_word' id='word_1_103' title='bbox 811 2389 955 2493; x_wconf 78' lang='grc' dir='ltr'>αυ[τ]ων</span> <span class='ocrx_word' id='word_1_104' title='bbox 983 2391 1186 2492; x_wconf 73' lang='grc' dir='ltr'>εψευσαντο</span> <span class='ocrx_word' id='word_1_105' title='bbox 1217 2419 1335 2480; x_wconf 89' lang='grc' dir='ltr'>αντον,</span> <span class='ocrx_word' id='word_1_106' title='bbox 1362 2419 1385 2483; x_wconf 82' lang='grc' dir='ltr'><em>η</em></span> <span class='ocrx_word' id='word_1_107' title='bbox 1417 2389 1453 2462; x_wconf 87' lang='grc' dir='ltr'>δε</span> <span class='ocrx_word' id='word_1_108' title='bbox 1469 2423 1504 2461; x_wconf 87' lang='grc' dir='ltr'>ιο</span> 
     </span>
    </p>
   </div>
   <div class='ocr_carea' id='block_1_8' title="bbox 409 2511 1450 2622">
    <p class='ocr_par' dir='ltr' id='par_1_9' title="bbox 409 2511 1450 2622">
     <span class='ocr_line' id='line_1_15' title="bbox 409 2511 1450 2622; baseline 0 -30"><span class='ocrx_word' id='word_1_109' title='bbox 409 2527 429 2562; x_wconf 83' lang='grc'><strong>“</strong></span> <span class='ocrx_word' id='word_1_110' title='bbox 449 2516 573 2619; x_wconf 85' lang='grc' dir='ltr'>καρδία</span> <span class='ocrx_word' id='word_1_111' title='bbox 592 2518 735 2622; x_wconf 60' lang='lat' dir='ltr'>[aldrov</span> <span class='ocrx_word' id='word_1_112' title='bbox 753 2517 816 2595; x_wconf 82' lang='grc' dir='ltr'>οὐκ</span> <span class='ocrx_word' id='word_1_113' title='bbox 833 2517 944 2594; x_wconf 80' lang='grc' dir='ltr'>εὐθεῖα</span> <span class='ocrx_word' id='word_1_114' title='bbox 963 2514 1034 2612; x_wconf 83' lang='grc' dir='ltr'>μετ’</span> <span class='ocrx_word' id='word_1_115' title='bbox 1055 2515 1173 2608; x_wconf 78' lang='grc' dir='ltr'>αὐτοῦ,</span> <span class='ocrx_word' id='word_1_116' title='bbox 1193 2511 1271 2591; x_wconf 74' lang='grc' dir='ltr'>οὐδὲ</span> <span class='ocrx_word' id='word_1_117' title='bbox 1295 2511 1450 2592; x_wconf 83' lang='grc' dir='ltr'>ε’πιστῶ-</span> 
     </span>
    </p>
   </div>
   <div class='ocr_carea' id='block_1_9' title="bbox 409 2638 1453 2749">
    <p class='ocr_par' dir='ltr' id='par_1_10' title="bbox 409 2638 1453 2749">
     <span class='ocr_line' id='line_1_16' title="bbox 409 2638 1453 2749; baseline 0.032 -31"><span class='ocrx_word' id='word_1_118' title='bbox 409 2654 430 2689; x_wconf 88' lang='grc'><strong>“</strong></span> <span class='ocrx_word' id='word_1_119' title='bbox 449 2649 568 2742; x_wconf 74' lang='grc' dir='ltr'>θησαν</span> <span class='ocrx_word' id='word_1_120' title='bbox 594 2646 702 2749; x_wconf 76' lang='grc' dir='ltr'>ε’ντῇ</span> <span class='ocrx_word' id='word_1_121' title='bbox 736 2640 884 2747; x_wconf 77' lang='grc' dir='ltr'>διαθήκῃ</span> <span class='ocrx_word' id='word_1_122' title='bbox 916 2644 1035 2720; x_wconf 79' lang='grc' dir='ltr'>αὐτοῦ.</span> <span class='ocrx_word' id='word_1_123' title='bbox 1089 2638 1243 2719; x_wconf 76' lang='grc' dir='ltr'>Ἀλαλα</span> <span class='ocrx_word' id='word_1_124' title='bbox 1271 2638 1453 2742; x_wconf 60' lang='grc' dir='ltr'>γενθθθτω</span> 
     </span>
    </p>
   </div>
   <div class='ocr_carea' id='block_1_10' title="bbox 399 2903 1453 5260">
    <p class='ocr_par' dir='ltr' id='par_1_11' title="bbox 399 2903 1453 5260">
     <span class='ocr_line' id='line_1_17' title="bbox 450 2903 1453 2979; baseline 0.001 -19"><span class='ocrx_word' id='word_1_125' title='bbox 450 2922 476 2960; x_wconf 87' lang='lat'>2.</span> <span class='ocrx_word' id='word_1_126' title='bbox 498 2906 695 2979; x_wconf 73' lang='grc' dir='ltr'>ἐγκατάλειμμα]</span> <span class='ocrx_word' id='word_1_127' title='bbox 728 2905 783 2963; x_wconf 89' lang='lat' dir='ltr'>Per</span> <span class='ocrx_word' id='word_1_128' title='bbox 806 2908 909 2979; x_wconf 82' lang='grc' dir='ltr'>ε’γκατιὶ-</span> <span class='ocrx_word' id='word_1_129' title='bbox 950 2905 1071 2963; x_wconf 82' lang='lat' dir='ltr'>WOTT.</span> <span class='ocrx_word' id='word_1_130' title='bbox 1108 2903 1176 2963; x_wconf 72' lang='lat' dir='ltr'>(led.</span> <span class='ocrx_word' id='word_1_131' title='bbox 1189 2904 1292 2963; x_wconf 76' lang='lat' dir='ltr'>MStus</span> <span class='ocrx_word' id='word_1_132' title='bbox 1305 2915 1453 2961; x_wconf 79' lang='lat' dir='ltr'><strong>ENKATA-</strong></span> 
     </span>
     <span class='ocr_line' id='line_1_18' title="bbox 407 2986 1200 3064; baseline 0.006 -25"><span class='ocrx_word' id='word_1_133' title='bbox 407 2989 500 3054; x_wconf 78' lang='grc' dir='ltr'>λειμμο</span> <span class='ocrx_word' id='word_1_134' title='bbox 518 2986 687 3044; x_wconf 64' lang='lat' dir='ltr'>veneriam</span> <span class='ocrx_word' id='word_1_135' title='bbox 701 2986 838 3064; x_wconf 83' lang='lat' dir='ltr'>intelligit</span> <span class='ocrx_word' id='word_1_136' title='bbox 853 2988 910 3043; x_wconf 88' lang='lat' dir='ltr'>Eu·</span> <span class='ocrx_word' id='word_1_137' title='bbox 950 2997 1062 3043; x_wconf 79' lang='grc' dir='ltr'>ΛΙΜΜΑ</span> <span class='ocrx_word' id='word_1_138' title='bbox 1077 2986 1200 3045; x_wconf 83' lang='lat' dir='ltr'>exhibet.</span> 
     </span>
     <span class='ocr_line' id='line_1_19' title="bbox 408 3066 1452 3144; baseline 0.002 -22"><span class='ocrx_word' id='word_1_139' title='bbox 408 3066 543 3142; x_wconf 82' lang='lat' dir='ltr'>thymius,</span> <span class='ocrx_word' id='word_1_140' title='bbox 575 3087 648 3143; x_wconf 81' lang='lat' dir='ltr'>quoe</span> <span class='ocrx_word' id='word_1_141' title='bbox 682 3068 789 3144; x_wconf 81' lang='lat' dir='ltr'>duplici</span> <span class='ocrx_word' id='word_1_142' title='bbox 824 3068 910 3126; x_wconf 91' lang='lat' dir='ltr'>modo</span> <span class='ocrx_word' id='word_1_143' title='bbox 993 3090 1018 3140; x_wconf 89' lang='lat'>4.</span> <span class='ocrx_word' id='word_1_144' title='bbox 1034 3070 1200 3138; x_wconf 73' lang='grc' dir='ltr'>βουλομένοις</span> <span class='ocrx_word' id='word_1_145' title='bbox 1212 3067 1333 3141; x_wconf 71' lang='grc' dir='ltr'>εἰρήνην]</span> <span class='ocrx_word' id='word_1_146' title='bbox 1349 3067 1452 3125; x_wconf 73' lang='lat' dir='ltr'>Malim</span> 
     </span>
     <span class='ocr_line' id='line_1_20' title="bbox 408 3147 1450 3225; baseline 0.003 -21"><span class='ocrx_word' id='word_1_147' title='bbox 408 3155 598 3219; x_wconf 81' lang='lat' dir='ltr'>conservatur,</span> <span class='ocrx_word' id='word_1_148' title='bbox 613 3149 658 3207; x_wconf 88' lang='lat' dir='ltr'>vel</span> <span class='ocrx_word' id='word_1_149' title='bbox 674 3169 725 3225; x_wconf 85' lang='lat' dir='ltr'>per</span> <span class='ocrx_word' id='word_1_150' title='bbox 737 3148 856 3225; x_wconf 86' lang='lat' dir='ltr'>prolem,</span> <span class='ocrx_word' id='word_1_151' title='bbox 865 3149 910 3207; x_wconf 91' lang='lat' dir='ltr'>vel</span> <span class='ocrx_word' id='word_1_152' title='bbox 950 3151 1115 3219; x_wconf 75' lang='grc' dir='ltr'>λαλουμένοις</span> <span class='ocrx_word' id='word_1_153' title='bbox 1128 3148 1231 3221; x_wconf 73' lang='grc' dir='ltr'>εἰρήνην.</span> <span class='ocrx_word' id='word_1_154' title='bbox 1261 3147 1335 3206; x_wconf 89' lang='lat' dir='ltr'>Vide</span> <span class='ocrx_word' id='word_1_155' title='bbox 1346 3148 1450 3207; x_wconf 81' lang='lat' dir='ltr'>Psulm</span> 
     </span>
     <span class='ocr_line' id='line_1_21' title="bbox 407 3229 1450 3308; baseline 0.001 -22"><span class='ocrx_word' id='word_1_156' title='bbox 407 3248 459 3305; x_wconf 83' lang='lat' dir='ltr'>per</span> <span class='ocrx_word' id='word_1_157' title='bbox 473 3229 548 3287; x_wconf 80' lang='lat' dir='ltr'>bono</span> <span class='ocrx_word' id='word_1_158' title='bbox 561 3249 654 3306; x_wconf 84' lang='lat' dir='ltr'>opere.</span> <span class='ocrx_word' id='word_1_159' title='bbox 679 3231 909 3308; x_wconf 78' lang='lat' dir='ltr'>ingeniosissime</span> <span class='ocrx_word' id='word_1_160' title='bbox 950 3230 1031 3287; x_wconf 83' lang='lat' dir='ltr'>xxvii</span> <span class='ocrx_word' id='word_1_161' title='bbox 1047 3251 1074 3305; x_wconf 86' lang='lat'>3,</span> <span class='ocrx_word' id='word_1_162' title='bbox 1088 3238 1118 3288; x_wconf 90' lang='lat' dir='ltr'>et</span> <span class='ocrx_word' id='word_1_163' title='bbox 1132 3229 1233 3286; x_wconf 83' lang='lat' dir='ltr'>lxxxiv</span> <span class='ocrx_word' id='word_1_164' title='bbox 1248 3231 1274 3286; x_wconf 90' lang='lat'>8.</span> <span class='ocrx_word' id='word_1_165' title='bbox 1297 3229 1372 3287; x_wconf 81' lang='lat' dir='ltr'>&#39;l&#39;um</span> <span class='ocrx_word' id='word_1_166' title='bbox 1386 3230 1450 3307; x_wconf 90' lang='lat' dir='ltr'>qui·</span> 
     </span>
     <span class='ocr_line' id='line_1_22' title="bbox 408 3310 1452 3388; baseline 0.005 -23"><span class='ocrx_word' id='word_1_167' title='bbox 408 3330 475 3368; x_wconf 86' lang='lat' dir='ltr'>vero</span> <span class='ocrx_word' id='word_1_168' title='bbox 490 3310 651 3369; x_wconf 82' lang='lat' dir='ltr'>Ferrondus</span> <span class='ocrx_word' id='word_1_169' title='bbox 670 3311 765 3369; x_wconf 82' lang='lat' dir='ltr'>locum</span> <span class='ocrx_word' id='word_1_170' title='bbox 779 3312 854 3370; x_wconf 89' lang='lat' dir='ltr'>hunc</span> <span class='ocrx_word' id='word_1_171' title='bbox 868 3311 909 3370; x_wconf 76' lang='lat' dir='ltr'>ita</span> <span class='ocrx_word' id='word_1_172' title='bbox 950 3311 1015 3368; x_wconf 90' lang='lat' dir='ltr'>dem</span> <span class='ocrx_word' id='word_1_173' title='bbox 1029 3313 1083 3369; x_wconf 89' lang='lat' dir='ltr'>hoo</span> <span class='ocrx_word' id='word_1_174' title='bbox 1096 3311 1280 3387; x_wconf 84' lang='lat' dir='ltr'>sequentibus</span> <span class='ocrx_word' id='word_1_175' title='bbox 1300 3319 1367 3388; x_wconf 84' lang='lat' dir='ltr'>epte</span> <span class='ocrx_word' id='word_1_176' title='bbox 1385 3331 1452 3370; x_wconf 86' lang='lat' dir='ltr'>con-</span> 
     </span>
     <span class='ocr_line' id='line_1_23' title="bbox 407 3393 1450 3469; baseline 0.002 -21"><span class='ocrx_word' id='word_1_177' title='bbox 407 3395 575 3466; x_wconf 77' lang='grc' dir='ltr'>παραφράζει,</span> <span class='ocrx_word' id='word_1_178' title='bbox 589 3393 643 3450; x_wconf 75' lang='lat' dir='ltr'>erit</span> <span class='ocrx_word' id='word_1_179' title='bbox 661 3403 771 3469; x_wconf 61' lang='lat' dir='ltr'>tempus</span> <span class='ocrx_word' id='word_1_180' title='bbox 787 3415 843 3469; x_wconf 81' lang='lat' dir='ltr'>quo</span> <span class='ocrx_word' id='word_1_181' title='bbox 862 3394 908 3450; x_wconf 78' lang='lat' dir='ltr'>in-</span> <span class='ocrx_word' id='word_1_182' title='bbox 948 3393 1036 3465; x_wconf 85' lang='lat' dir='ltr'>venlt,</span> <span class='ocrx_word' id='word_1_183' title='bbox 1051 3393 1081 3450; x_wconf 84' lang='lat' dir='ltr'>ln</span> <span class='ocrx_word' id='word_1_184' title='bbox 1102 3393 1205 3469; x_wconf 81' lang='lat' dir='ltr'>qulbus</span> <span class='ocrx_word' id='word_1_185' title='bbox 1225 3395 1332 3463; x_wconf 77' lang='grc' dir='ltr'>χειλέων</span> <span class='ocrx_word' id='word_1_186' title='bbox 1345 3400 1375 3452; x_wconf 76' lang='lat' dir='ltr'>et</span> <span class='ocrx_word' id='word_1_187' title='bbox 1388 3398 1450 3450; x_wconf 79' lang='grc' dir='ltr'>στδ-</span> 
     </span>
     <span class='ocr_line' id='line_1_24' title="bbox 407 3473 1452 3551; baseline 0.003 -22"><span class='ocrx_word' id='word_1_188' title='bbox 407 3474 483 3530; x_wconf 65' lang='grc' dir='ltr'>ιιαιιίιΙ</span> <span class='ocrx_word' id='word_1_189' title='bbox 499 3473 610 3532; x_wconf 76' lang='lat' dir='ltr'>homini</span> <span class='ocrx_word' id='word_1_190' title='bbox 628 3495 730 3533; x_wconf 75' lang='lat' dir='ltr'>merces</span> <span class='ocrx_word' id='word_1_191' title='bbox 750 3496 910 3551; x_wconf 75' lang='grc' dir='ltr'>ασαρταοαι</span> <span class='ocrx_word' id='word_1_192' title='bbox 948 3474 1073 3544; x_wconf 70' lang='lat' dir='ltr'>parosfit</span> <span class='ocrx_word' id='word_1_193' title='bbox 1086 3474 1202 3531; x_wconf 89' lang='lat' dir='ltr'>mentio.</span> <span class='ocrx_word' id='word_1_194' title='bbox 1226 3473 1358 3532; x_wconf 85' lang='lat' dir='ltr'>DAVIS.</span> <span class='ocrx_word' id='word_1_195' title='bbox 1395 3474 1452 3532; x_wconf 90' lang='lat' dir='ltr'>Mi-</span> 
     </span>
     <span class='ocr_line' id='line_1_25' title="bbox 407 3555 1452 3633; baseline 0.001 -21"><span class='ocrx_word' id='word_1_196' title='bbox 407 3555 582 3630; x_wconf 74' lang='grc' dir='ltr'>τιρενιίινιιν.</span> <span class='ocrx_word' id='word_1_197' title='bbox 612 3556 743 3633; x_wconf 78' lang='lat' dir='ltr'>Uterque</span> <span class='ocrx_word' id='word_1_198' title='bbox 761 3557 797 3614; x_wconf 84' lang='lat' dir='ltr'>ed</span> <span class='ocrx_word' id='word_1_199' title='bbox 816 3557 908 3632; x_wconf 91' lang='lat' dir='ltr'>Hym-</span> <span class='ocrx_word' id='word_1_200' title='bbox 949 3575 1018 3613; x_wconf 84' lang='lat' dir='ltr'>nore</span> <span class='ocrx_word' id='word_1_201' title='bbox 1038 3556 1206 3627; x_wconf 72' lang='lat' dir='ltr'>mutatione,</span> <span class='ocrx_word' id='word_1_202' title='bbox 1220 3555 1367 3631; x_wconf 74' lang='lat' dir='ltr'>scripseris</span> <span class='ocrx_word' id='word_1_203' title='bbox 1388 3561 1452 3623; x_wconf 69' lang='grc' dir='ltr'>βοιν</span> 
     </span>
     <span class='ocr_line' id='line_1_26' title="bbox 407 3635 1451 3714; baseline 0.003 -22"><span class='ocrx_word' id='word_1_204' title='bbox 407 3635 547 3712; x_wconf 84' lang='lat' dir='ltr'>nogrephi</span> <span class='ocrx_word' id='word_1_205' title='bbox 581 3645 715 3696; x_wconf 88' lang='lat' dir='ltr'>mentem.</span> <span class='ocrx_word' id='word_1_206' title='bbox 759 3638 905 3696; x_wconf 84' lang='lat' dir='ltr'>OOLOM.</span> <span class='ocrx_word' id='word_1_207' title='bbox 948 3640 1099 3707; x_wconf 77' lang='grc' dir='ltr'>λενορένοις,</span> <span class='ocrx_word' id='word_1_208' title='bbox 1114 3637 1307 3708; x_wconf 61' lang='lat' dir='ltr'>mentem,</span> <span class='ocrx_word' id='word_1_209' title='bbox 1317 3637 1451 3714; x_wconf 86' lang='lat' dir='ltr'>idemque</span> 
     </span>
     <span class='ocr_line' id='line_1_27' title="bbox 408 3717 1451 3795; baseline 0.001 -19"><span class='ocrx_word' id='word_1_210' title='bbox 408 3717 543 3776; x_wconf 72' lang='lat' dir='ltr'>(litantur</span> <span class='ocrx_word' id='word_1_211' title='bbox 553 3718 622 3776; x_wconf 83' lang='lat' dir='ltr'>haee</span> <span class='ocrx_word' id='word_1_212' title='bbox 632 3739 669 3776; x_wconf 88' lang='lat' dir='ltr'>ex</span> <span class='ocrx_word' id='word_1_213' title='bbox 680 3719 768 3777; x_wconf 90' lang='lat' dir='ltr'>LXX.</span> <span class='ocrx_word' id='word_1_214' title='bbox 799 3721 909 3778; x_wconf 84' lang='lat' dir='ltr'>Textus</span> <span class='ocrx_word' id='word_1_215' title='bbox 948 3719 1134 3795; x_wconf 77' lang='lat' dir='ltr'>adsequeris3</span> <span class='ocrx_word' id='word_1_216' title='bbox 1178 3719 1341 3788; x_wconf 77' lang='grc' dir='ltr'>βουλεύματα</span> <span class='ocrx_word' id='word_1_217' title='bbox 1374 3719 1451 3777; x_wconf 88' lang='lat' dir='ltr'>enim</span> 
     </span>
     <span class='ocr_line' id='line_1_28' title="bbox 408 3798 1453 3872; baseline 0.001 -17"><span class='ocrx_word' id='word_1_218' title='bbox 408 3798 557 3857; x_wconf 82' lang='lat' dir='ltr'>Hebraeus</span> <span class='ocrx_word' id='word_1_219' title='bbox 581 3799 665 3859; x_wconf 78' lang='lat' dir='ltr'>aliter</span> <span class='ocrx_word' id='word_1_220' title='bbox 688 3801 817 3872; x_wconf 84' lang='lat' dir='ltr'>hebetur,</span> <span class='ocrx_word' id='word_1_221' title='bbox 838 3822 909 3858; x_wconf 85' lang='grc' dir='ltr'>ιιααι</span> <span class='ocrx_word' id='word_1_222' title='bbox 949 3820 998 3857; x_wconf 89' lang='lat' dir='ltr'>seu</span> <span class='ocrx_word' id='word_1_223' title='bbox 1012 3799 1141 3870; x_wconf 74' lang='lat' dir='ltr'>coneilio,</span> <span class='ocrx_word' id='word_1_224' title='bbox 1150 3818 1208 3857; x_wconf 93' lang='lat' dir='ltr'>non</span> <span class='ocrx_word' id='word_1_225' title='bbox 1221 3799 1277 3856; x_wconf 90' lang='lat' dir='ltr'>nisi</span> <span class='ocrx_word' id='word_1_226' title='bbox 1291 3802 1331 3855; x_wconf 75' lang='grc' dir='ltr'>διὸ</span> <span class='ocrx_word' id='word_1_227' title='bbox 1345 3804 1453 3871; x_wconf 76' lang='grc' dir='ltr'>χειλέων</span> 
     </span>
     <span class='ocr_line' id='line_1_29' title="bbox 406 3879 1449 3957; baseline 0.003 -20"><span class='ocrx_word' id='word_1_228' title='bbox 406 3881 596 3939; x_wconf 62' lang='lat' dir='ltr'>mmmm</span> <span class='ocrx_word' id='word_1_229' title='bbox 619 3883 676 3940; x_wconf 81' lang='lat' dir='ltr'>eive</span> <span class='ocrx_word' id='word_1_230' title='bbox 690 3883 767 3957; x_wconf 77' lang='lat' dir='ltr'>finio</span> <span class='ocrx_word' id='word_1_231' title='bbox 788 3883 847 3940; x_wconf 76' lang='lat' dir='ltr'>viri</span> <span class='ocrx_word' id='word_1_232' title='bbox 870 3892 909 3940; x_wconf 82' lang='lat' dir='ltr'>eet</span> <span class='ocrx_word' id='word_1_233' title='bbox 948 3882 1098 3952; x_wconf 77' lang='grc' dir='ltr'>ἣστόμοτος</span> <span class='ocrx_word' id='word_1_234' title='bbox 1111 3881 1223 3939; x_wconf 79' lang='lat' dir='ltr'>dentur.</span> <span class='ocrx_word' id='word_1_235' title='bbox 1240 3879 1449 3940; x_wconf 77' lang='lat' dir='ltr'><strong>OLERIOUS.</strong></span> 
     </span>
     <span class='ocr_line' id='line_1_30' title="bbox 403 3961 1451 4039; baseline 0.003 -21"><span class='ocrx_word' id='word_1_236' title='bbox 403 3982 474 4036; x_wconf 77' lang='grc' dir='ltr'>ραα.</span> <span class='ocrx_word' id='word_1_237' title='bbox 517 3961 632 4039; x_wconf 83' lang='lat' dir='ltr'>Vulgot.</span> <span class='ocrx_word' id='word_1_238' title='bbox 663 3964 810 4035; x_wconf 66' lang='grc' dir='ltr'>θαααιὶινι</span> <span class='ocrx_word' id='word_1_239' title='bbox 840 3973 909 4021; x_wconf 80' lang='lat' dir='ltr'>eunt</span> <span class='ocrx_word' id='word_1_240' title='bbox 949 3961 1106 4020; x_wconf 83' lang='lat' dir='ltr'>Atomobo</span> <span class='ocrx_word' id='word_1_241' title='bbox 1119 3969 1157 4033; x_wconf 88' lang='lat' dir='ltr'>te,</span> <span class='ocrx_word' id='word_1_242' title='bbox 1172 3982 1223 4019; x_wconf 87' lang='lat' dir='ltr'>eur</span> <span class='ocrx_word' id='word_1_243' title='bbox 1240 3961 1357 4020; x_wconf 93' lang='lat' dir='ltr'>demum</span> <span class='ocrx_word' id='word_1_244' title='bbox 1372 3963 1451 4022; x_wconf 88' lang='lat' dir='ltr'>MSti</span> 
     </span>
     <span class='ocr_line' id='line_1_31' title="bbox 408 4042 1452 4120; baseline 0.004 -21"><span class='ocrx_word' id='word_1_245' title='bbox 408 4043 547 4118; x_wconf 77' lang='lat' dir='ltr'>reliquiae</span> <span class='ocrx_word' id='word_1_246' title='bbox 559 4044 671 4102; x_wconf 72' lang='grc' dir='ltr'>Ιιινιαὶιιί</span> <span class='ocrx_word' id='word_1_247' title='bbox 680 4044 806 4120; x_wconf 64' lang='lat' dir='ltr'>podfieo.</span> <span class='ocrx_word' id='word_1_248' title='bbox 826 4044 906 4103; x_wconf 85' lang='lat' dir='ltr'>Vers.</span> <span class='ocrx_word' id='word_1_249' title='bbox 948 4043 1034 4101; x_wconf 84' lang='lat' dir='ltr'>lectio</span> <span class='ocrx_word' id='word_1_250' title='bbox 1047 4042 1235 4102; x_wconf 80' lang='lat' dir='ltr'>solicitandal</span> <span class='ocrx_word' id='word_1_251' title='bbox 1263 4042 1368 4101; x_wconf 82' lang='lat' dir='ltr'>Annon</span> <span class='ocrx_word' id='word_1_252' title='bbox 1381 4045 1452 4103; x_wconf 82' lang='lat' dir='ltr'>setis</span> 
     </span>
     <span class='ocr_line' id='line_1_32' title="bbox 409 4122 1451 4197; baseline 0.003 -17"><span class='ocrx_word' id='word_1_253' title='bbox 409 4122 528 4181; x_wconf 89' lang='lat' dir='ltr'>Hieron.</span> <span class='ocrx_word' id='word_1_254' title='bbox 546 4126 624 4197; x_wconf 75' lang='lat' dir='ltr'>Qoio</span> <span class='ocrx_word' id='word_1_255' title='bbox 636 4127 691 4184; x_wconf 79' lang='lat' dir='ltr'>erit</span> <span class='ocrx_word' id='word_1_256' title='bbox 701 4127 742 4183; x_wconf 84' lang='lat' dir='ltr'>ad</span> <span class='ocrx_word' id='word_1_257' title='bbox 753 4136 910 4184; x_wconf 75' lang='lat' dir='ltr'>eaelremmn</span> <span class='ocrx_word' id='word_1_258' title='bbox 949 4125 1023 4182; x_wconf 80' lang='lat' dir='ltr'>olore</span> <span class='ocrx_word' id='word_1_259' title='bbox 1049 4124 1174 4183; x_wconf 85' lang='lat' dir='ltr'>insinuet</span> <span class='ocrx_word' id='word_1_260' title='bbox 1199 4124 1284 4183; x_wconf 82' lang='lat' dir='ltr'>Potor</span> <span class='ocrx_word' id='word_1_261' title='bbox 1308 4133 1338 4184; x_wconf 89' lang='lat' dir='ltr'>et</span> <span class='ocrx_word' id='word_1_262' title='bbox 1362 4125 1451 4184; x_wconf 84' lang='lat' dir='ltr'>enimi</span> 
     </span>
     <span class='ocr_line' id='line_1_33' title="bbox 408 4205 1453 4283; baseline 0.003 -21"><span class='ocrx_word' id='word_1_263' title='bbox 408 4205 472 4263; x_wconf 80' lang='lat' dir='ltr'>viro</span> <span class='ocrx_word' id='word_1_264' title='bbox 497 4227 564 4280; x_wconf 84' lang='lat' dir='ltr'>poae.</span> <span class='ocrx_word' id='word_1_265' title='bbox 613 4206 677 4283; x_wconf 83' lang='lat' dir='ltr'>Syr.</span> <span class='ocrx_word' id='word_1_266' title='bbox 704 4208 844 4282; x_wconf 74' lang='lat' dir='ltr'>quoniam</span> <span class='ocrx_word' id='word_1_267' title='bbox 870 4217 910 4265; x_wconf 75' lang='lat' dir='ltr'>eet</span> <span class='ocrx_word' id='word_1_268' title='bbox 948 4207 1074 4282; x_wconf 78' lang='lat' dir='ltr'>perversi</span> <span class='ocrx_word' id='word_1_269' title='bbox 1108 4207 1278 4265; x_wconf 80' lang='lat' dir='ltr'>sententiam</span> <span class='ocrx_word' id='word_1_270' title='bbox 1308 4215 1338 4265; x_wconf 90' lang='lat' dir='ltr'>et</span> <span class='ocrx_word' id='word_1_271' title='bbox 1363 4207 1453 4266; x_wconf 82' lang='lat' dir='ltr'>verbo</span> 
     </span>
     <span class='ocr_line' id='line_1_34' title="bbox 399 4285 1363 4366; baseline 0.002 -22"><span class='ocrx_word' id='word_1_272' title='bbox 399 4285 476 4362; x_wconf 73' lang='lat' dir='ltr'>fluis</span> <span class='ocrx_word' id='word_1_273' title='bbox 498 4287 588 4346; x_wconf 72' lang='lat' dir='ltr'>emus</span> <span class='ocrx_word' id='word_1_274' title='bbox 611 4289 684 4345; x_wconf 75' lang='lat' dir='ltr'>virio</span> <span class='ocrx_word' id='word_1_275' title='bbox 702 4290 792 4365; x_wconf 68' lang='lat' dir='ltr'>panio.</span> <span class='ocrx_word' id='word_1_276' title='bbox 826 4290 910 4366; x_wconf 84' lang='lat' dir='ltr'>Sym·</span> <span class='ocrx_word' id='word_1_277' title='bbox 949 4287 1068 4345; x_wconf 84' lang='lat' dir='ltr'>dolosel</span> <span class='ocrx_word' id='word_1_278' title='bbox 1090 4287 1363 4346; x_wconf 81' lang='lat' dir='ltr'>GALLANDIUS.</span> 
     </span>
     <span class='ocr_line' id='line_1_35' title="bbox 409 4365 1452 4449; baseline 0.004 -24"><span class='ocrx_word' id='word_1_279' title='bbox 409 4368 534 4442; x_wconf 79' lang='lat' dir='ltr'>machus,</span> <span class='ocrx_word' id='word_1_280' title='bbox 552 4371 610 4425; x_wconf 67' lang='grc' dir='ltr'>Ὀτι</span> <span class='ocrx_word' id='word_1_281' title='bbox 632 4373 688 4426; x_wconf 79' lang='grc' dir='ltr'>ε’στι</span> <span class='ocrx_word' id='word_1_282' title='bbox 712 4372 840 4439; x_wconf 88' lang='grc' dir='ltr'>με’λλοντα</span> <span class='ocrx_word' id='word_1_283' title='bbox 866 4373 908 4425; x_wconf 80' lang='grc' dir='ltr'>ἀν·</span> <span class='ocrx_word' id='word_1_284' title='bbox 991 4385 1016 4441; x_wconf 89' lang='lat'>5.</span> <span class='ocrx_word' id='word_1_285' title='bbox 1034 4370 1114 4428; x_wconf 81' lang='grc' dir='ltr'>Οὗτος</span> <span class='ocrx_word' id='word_1_286' title='bbox 1128 4375 1142 4425; x_wconf 83' lang='grc' dir='ltr'>ὁ</span> <span class='ocrx_word' id='word_1_287' title='bbox 1157 4374 1218 4428; x_wconf 80' lang='grc' dir='ltr'>λαὸς</span> <span class='ocrx_word' id='word_1_288' title='bbox 1232 4393 1289 4427; x_wconf 74' lang='lat' dir='ltr'>m.</span> <span class='ocrx_word' id='word_1_289' title='bbox 1303 4365 1343 4449; x_wconf 91' lang='grc' dir='ltr'>λ.]</span> <span class='ocrx_word' id='word_1_290' title='bbox 1363 4369 1452 4429; x_wconf 82' lang='lat' dir='ltr'>Hunc</span> 
     </span>
     <span class='ocr_line' id='line_1_36' title="bbox 410 4449 1452 4528; baseline 0.004 -22"><span class='ocrx_word' id='word_1_291' title='bbox 410 4453 502 4527; x_wconf 81' lang='grc' dir='ltr'>θρώπῳ</span> <span class='ocrx_word' id='word_1_292' title='bbox 530 4455 650 4528; x_wconf 70' lang='grc' dir='ltr'>εἶρηνικῷ.</span> <span class='ocrx_word' id='word_1_293' title='bbox 701 4451 787 4508; x_wconf 86' lang='lat' dir='ltr'>Hune</span> <span class='ocrx_word' id='word_1_294' title='bbox 815 4452 909 4509; x_wconf 84' lang='lat' dir='ltr'>locum</span> <span class='ocrx_word' id='word_1_295' title='bbox 949 4450 1044 4508; x_wconf 87' lang='lat' dir='ltr'>locum</span> <span class='ocrx_word' id='word_1_296' title='bbox 1066 4450 1225 4527; x_wconf 74' lang='lat' dir='ltr'>Prophetae</span> <span class='ocrx_word' id='word_1_297' title='bbox 1246 4449 1378 4509; x_wconf 84' lang='lat' dir='ltr'>Clemens</span> <span class='ocrx_word' id='word_1_298' title='bbox 1402 4472 1452 4510; x_wconf 86' lang='lat' dir='ltr'>ex-</span> 
     </span>
     <span class='ocr_line' id='line_1_37' title="bbox 409 4531 1450 4609; baseline 0.002 -20"><span class='ocrx_word' id='word_1_299' title='bbox 409 4531 451 4591; x_wconf 83' lang='lat' dir='ltr'>ita</span> <span class='ocrx_word' id='word_1_300' title='bbox 484 4533 608 4609; x_wconf 80' lang='lat' dir='ltr'>explicet</span> <span class='ocrx_word' id='word_1_301' title='bbox 640 4533 789 4605; x_wconf 88' lang='lat' dir='ltr'>Eusebius,</span> <span class='ocrx_word' id='word_1_302' title='bbox 825 4532 909 4592; x_wconf 81' lang='lat' dir='ltr'>Com·</span> <span class='ocrx_word' id='word_1_303' title='bbox 950 4531 1089 4590; x_wconf 87' lang='lat' dir='ltr'>hibuisset</span> <span class='ocrx_word' id='word_1_304' title='bbox 1110 4533 1184 4591; x_wconf 85' lang='lat' dir='ltr'>siout</span> <span class='ocrx_word' id='word_1_305' title='bbox 1206 4552 1224 4590; x_wconf 82' lang='lat' dir='ltr'>o</span> <span class='ocrx_word' id='word_1_306' title='bbox 1245 4532 1361 4591; x_wconf 83' lang='lat' dir='ltr'>Christo</span> <span class='ocrx_word' id='word_1_307' title='bbox 1388 4532 1450 4591; x_wconf 84' lang='lat' dir='ltr'>leu-</span> 
     </span>
     <span class='ocr_line' id='line_1_38' title="bbox 409 4613 1452 4692; baseline 0.001 -20"><span class='ocrx_word' id='word_1_308' title='bbox 409 4621 496 4673; x_wconf 89' lang='lat' dir='ltr'>ment.</span> <span class='ocrx_word' id='word_1_309' title='bbox 526 4614 556 4671; x_wconf 92' lang='lat' dir='ltr'>in</span> <span class='ocrx_word' id='word_1_310' title='bbox 585 4614 719 4673; x_wconf 83' lang='lat' dir='ltr'>Psalmos.</span> <span class='ocrx_word' id='word_1_311' title='bbox 763 4618 840 4670; x_wconf 79' lang='grc' dir='ltr'>Μένιι</span> <span class='ocrx_word' id='word_1_312' title='bbox 861 4618 911 4688; x_wconf 78' lang='grc' dir='ltr'>γὰρ</span> <span class='ocrx_word' id='word_1_313' title='bbox 950 4613 1058 4684; x_wconf 82' lang='lat' dir='ltr'>dotum,</span> <span class='ocrx_word' id='word_1_314' title='bbox 1084 4613 1113 4671; x_wconf 85' lang='lat' dir='ltr'>S.</span> <span class='ocrx_word' id='word_1_315' title='bbox 1132 4613 1220 4672; x_wconf 84' lang='lat' dir='ltr'>Maro.</span> <span class='ocrx_word' id='word_1_316' title='bbox 1240 4613 1280 4671; x_wconf 83' lang='lat' dir='ltr'>vii</span> <span class='ocrx_word' id='word_1_317' title='bbox 1303 4615 1329 4685; x_wconf 87' lang='lat'>6,</span> <span class='ocrx_word' id='word_1_318' title='bbox 1352 4613 1377 4672; x_wconf 84' lang='lat' dir='ltr'>si</span> <span class='ocrx_word' id='word_1_319' title='bbox 1398 4635 1452 4692; x_wconf 85' lang='lat' dir='ltr'>pro</span> 
     </span>
     <span class='ocr_line' id='line_1_39' title="bbox 409 4695 1306 4772; baseline 0.002 -22"><span class='ocrx_word' id='word_1_320' title='bbox 409 4697 593 4768; x_wconf 83' lang='grc' dir='ltr'>ι’γκατάλειμμα</span> <span class='ocrx_word' id='word_1_321' title='bbox 614 4700 654 4752; x_wconf 81' lang='grc' dir='ltr'>καὶ</span> <span class='ocrx_word' id='word_1_322' title='bbox 675 4701 747 4755; x_wconf 73' lang='grc' dir='ltr'>ἐλπὶς</span> <span class='ocrx_word' id='word_1_323' title='bbox 770 4698 852 4770; x_wconf 76' lang='grc' dir='ltr'>ἀγαθὴ</span> <span class='ocrx_word' id='word_1_324' title='bbox 875 4702 911 4772; x_wconf 76' lang='grc' dir='ltr'>τῷ</span> <span class='ocrx_word' id='word_1_325' title='bbox 950 4699 1057 4752; x_wconf 78' lang='grc' dir='ltr'>ἄπεστιν</span> <span class='ocrx_word' id='word_1_326' title='bbox 1070 4695 1194 4754; x_wconf 78' lang='lat' dir='ltr'>dedisset</span> <span class='ocrx_word' id='word_1_327' title='bbox 1207 4697 1306 4768; x_wconf 77' lang='grc' dir='ltr'>ἀπέχει.</span> 
     </span>
     <span class='ocr_line' id='line_1_40' title="bbox 409 4774 1449 4857; baseline 0.007 -27"><span class='ocrx_word' id='word_1_328' title='bbox 409 4779 454 4846; x_wconf 81' lang='grc' dir='ltr'>τὴν</span> <span class='ocrx_word' id='word_1_329' title='bbox 467 4777 563 4848; x_wconf 72' lang='grc' dir='ltr'>εἶρὴνιγν</span> <span class='ocrx_word' id='word_1_330' title='bbox 577 4780 617 4834; x_wconf 77' lang='grc' dir='ltr'>καί</span> <span class='ocrx_word' id='word_1_331' title='bbox 630 4781 675 4849; x_wconf 74' lang='grc' dir='ltr'>τὴν</span> <span class='ocrx_word' id='word_1_332' title='bbox 688 4780 779 4851; x_wconf 80' lang='grc' dir='ltr'>φιλίαν</span> <span class='ocrx_word' id='word_1_333' title='bbox 791 4782 837 4849; x_wconf 76' lang='grc' dir='ltr'>τὴν</span> <span class='ocrx_word' id='word_1_334' title='bbox 846 4783 910 4852; x_wconf 85' lang='grc' dir='ltr'>πρὸς</span> <span class='ocrx_word' id='word_1_335' title='bbox 993 4792 1018 4850; x_wconf 84' lang='lat'>7.</span> <span class='ocrx_word' id='word_1_336' title='bbox 1041 4774 1210 4857; x_wconf 81' lang='grc' dir='ltr'>εὖλογοῦσαν]</span> <span class='ocrx_word' id='word_1_337' title='bbox 1233 4777 1281 4835; x_wconf 71' lang='lat' dir='ltr'>lta</span> <span class='ocrx_word' id='word_1_338' title='bbox 1300 4776 1370 4836; x_wconf 80' lang='lat' dir='ltr'>(lod.</span> <span class='ocrx_word' id='word_1_339' title='bbox 1387 4776 1449 4837; x_wconf 82' lang='lat' dir='ltr'>MS.</span> 
     </span>
     <span class='ocr_line' id='line_1_41' title="bbox 409 4858 1452 4929; baseline 0.007 -18"><span class='ocrx_word' id='word_1_340' title='bbox 409 4860 453 4912; x_wconf 79' lang='grc' dir='ltr'>τὸν</span> <span class='ocrx_word' id='word_1_341' title='bbox 480 4863 544 4913; x_wconf 77' lang='grc' dir='ltr'>Θεὸν</span> <span class='ocrx_word' id='word_1_342' title='bbox 569 4863 758 4929; x_wconf 76' lang='grc' dir='ltr'>μετοδιώξοννι.</span> <span class='ocrx_word' id='word_1_343' title='bbox 795 4865 835 4915; x_wconf 80' lang='grc' dir='ltr'>καὶ</span> <span class='ocrx_word' id='word_1_344' title='bbox 869 4863 909 4916; x_wconf 79' lang='grc' dir='ltr'>διὰ</span> <span class='ocrx_word' id='word_1_345' title='bbox 951 4858 1023 4915; x_wconf 88' lang='lat' dir='ltr'>Edd.</span> <span class='ocrx_word' id='word_1_346' title='bbox 1047 4866 1114 4917; x_wconf 80' lang='lat' dir='ltr'>unte</span> <span class='ocrx_word' id='word_1_347' title='bbox 1138 4858 1321 4916; x_wconf 84' lang='lat' dir='ltr'>Gallendium</span> <span class='ocrx_word' id='word_1_348' title='bbox 1341 4879 1452 4918; x_wconf 88' lang='lat' dir='ltr'>necnon</span> 
     </span>
     <span class='ocr_line' id='line_1_42' title="bbox 408 4939 1452 5017; baseline 0.004 -25"><span class='ocrx_word' id='word_1_349' title='bbox 408 4944 483 4993; x_wconf 84' lang='grc' dir='ltr'>τοῦτο</span> <span class='ocrx_word' id='word_1_350' title='bbox 503 4941 615 5015; x_wconf 80' lang='grc' dir='ltr'>εἶριγνικῲ</span> <span class='ocrx_word' id='word_1_351' title='bbox 635 4943 758 5017; x_wconf 80' lang='grc' dir='ltr'>ἀνθρώπῳ</span> <span class='ocrx_word' id='word_1_352' title='bbox 774 4943 907 5017; x_wconf 68' lang='grc' dir='ltr'>γενομένῳ·</span> <span class='ocrx_word' id='word_1_353' title='bbox 951 4939 1200 4999; x_wconf 74' lang='lat' dir='ltr'>Schoenemannufl</span> <span class='ocrx_word' id='word_1_354' title='bbox 1222 4940 1358 4999; x_wconf 77' lang='lat' dir='ltr'>exhibent</span> <span class='ocrx_word' id='word_1_355' title='bbox 1379 4944 1452 4997; x_wconf 73' lang='lat' dir='ltr'>aild-</span> 
     </span>
     <span class='ocr_line' id='line_1_43' title="bbox 409 5021 1452 5098; baseline 0.005 -25"><span class='ocrx_word' id='word_1_356' title='bbox 409 5021 470 5073; x_wconf 84' lang='grc' dir='ltr'>κατὰ</span> <span class='ocrx_word' id='word_1_357' title='bbox 492 5021 519 5074; x_wconf 75' lang='grc' dir='ltr'>δι’</span> <span class='ocrx_word' id='word_1_358' title='bbox 541 5023 585 5074; x_wconf 82' lang='grc' dir='ltr'>τὸν</span> <span class='ocrx_word' id='word_1_359' title='bbox 608 5027 750 5094; x_wconf 81' lang='grc' dir='ltr'>Σομμοχόν·</span> <span class='ocrx_word' id='word_1_360' title='bbox 775 5024 908 5094; x_wconf 77' lang='grc' dir='ltr'>φύλασσέ,</span> <span class='ocrx_word' id='word_1_361' title='bbox 949 5046 1020 5093; x_wconf 78' lang='grc' dir='ltr'>γονν,</span> <span class='ocrx_word' id='word_1_362' title='bbox 1035 5042 1120 5098; x_wconf 83' lang='lat' dir='ltr'>quem</span> <span class='ocrx_word' id='word_1_363' title='bbox 1135 5021 1251 5098; x_wconf 89' lang='lat' dir='ltr'>quidem</span> <span class='ocrx_word' id='word_1_364' title='bbox 1269 5021 1421 5079; x_wconf 83' lang='lat' dir='ltr'>lectionem</span> <span class='ocrx_word' id='word_1_365' title='bbox 1434 5041 1452 5078; x_wconf 83' lang='lat' dir='ltr'>e</span> 
     </span>
     <span class='ocr_line' id='line_1_44' title="bbox 408 5100 1452 5172; baseline 0.008 -19"><span class='ocrx_word' id='word_1_366' title='bbox 408 5103 498 5172; x_wconf 73' lang='grc' dir='ltr'>φησιν,</span> <span class='ocrx_word' id='word_1_367' title='bbox 513 5105 651 5170; x_wconf 72' lang='grc' dir='ltr'>ἁπλότητα,</span> <span class='ocrx_word' id='word_1_368' title='bbox 667 5108 706 5158; x_wconf 81' lang='grc' dir='ltr'>καὶ</span> <span class='ocrx_word' id='word_1_369' title='bbox 727 5106 774 5172; x_wconf 87' lang='grc' dir='ltr'>ὅρο</span> <span class='ocrx_word' id='word_1_370' title='bbox 791 5105 852 5160; x_wconf 75' lang='grc' dir='ltr'>εὐθὺ</span> <span class='ocrx_word' id='word_1_371' title='bbox 871 5105 909 5158; x_wconf 83' lang='grc' dir='ltr'>ὅτι</span> <span class='ocrx_word' id='word_1_372' title='bbox 951 5100 1032 5158; x_wconf 88' lang='lat' dir='ltr'>LXX</span> <span class='ocrx_word' id='word_1_373' title='bbox 1047 5102 1118 5161; x_wconf 93' lang='lat' dir='ltr'>Intt.</span> <span class='ocrx_word' id='word_1_374' title='bbox 1133 5102 1258 5161; x_wconf 78' lang='lat' dir='ltr'>mutuati</span> <span class='ocrx_word' id='word_1_375' title='bbox 1271 5110 1346 5161; x_wconf 90' lang='lat' dir='ltr'>sunt.</span> <span class='ocrx_word' id='word_1_376' title='bbox 1388 5101 1452 5161; x_wconf 84' lang='lat' dir='ltr'>Ole-</span> 
     </span>
     <span class='ocr_line' id='line_1_45' title="bbox 409 5181 1450 5260; baseline 0.007 -24"><span class='ocrx_word' id='word_1_377' title='bbox 409 5183 466 5237; x_wconf 78' lang='grc' dir='ltr'>ἐστὶ</span> <span class='ocrx_word' id='word_1_378' title='bbox 486 5181 612 5252; x_wconf 75' lang='grc' dir='ltr'>μελλοντα</span> <span class='ocrx_word' id='word_1_379' title='bbox 639 5185 762 5259; x_wconf 77' lang='grc' dir='ltr'>ἀνθρώπῳ</span> <span class='ocrx_word' id='word_1_380' title='bbox 786 5187 908 5260; x_wconf 73' lang='grc' dir='ltr'>είρηνιιιῷ.</span> <span class='ocrx_word' id='word_1_381' title='bbox 950 5202 1031 5242; x_wconf 80' lang='lat' dir='ltr'>mens</span> <span class='ocrx_word' id='word_1_382' title='bbox 1064 5183 1149 5241; x_wconf 82' lang='lat' dir='ltr'>Alex.</span> <span class='ocrx_word' id='word_1_383' title='bbox 1184 5183 1270 5242; x_wconf 82' lang='lat' dir='ltr'>habet</span> <span class='ocrx_word' id='word_1_384' title='bbox 1304 5186 1450 5258; x_wconf 79' lang='grc' dir='ltr'>εὖλογαῦσι.</span> 
     </span>
    </p>
   </div>
   <div class='ocr_carea' id='block_1_11' title="bbox 0 0 1630 6613">
    <p class='ocr_par' dir='ltr' id='par_1_12' title="bbox 0 0 1630 6613">
     <span class='ocr_line' id='line_1_46' title="bbox 0 0 1630 6613; baseline 0 0"><span class='ocrx_word' id='word_1_385' title='bbox 0 0 1630 6613; x_wconf 95' lang='lat' dir='ltr'> </span> 
     </span>
    </p>
   </div>
  </div>
 </body>
</html>
