3250 6617
381 1076 425 1149 96
745 1076 778 1139 S.
801 1074 1058 1140 CLEMENTIS

383 1248 503 1359 φόβου
518 1257 582 1329 τοῦ
601 1253 708 1328 θεοῦ.
754 1246 832 1334 Τὰς
848 1256 1016 1350 γυναῖκας
1032 1248 1133 1350 ἡμῶν
1151 1250 1209 1329 ἐπὶ
1225 1249 1269 1329 τὸ
1286 1250 1421 1352 ἀγαθὸν

385 1374 669 1482 διορθωσῶμεθα·
709 1373 752 1456 τὸ
788 1373 1036 1480 ἀξιαγιὶπητον
1064 1381 1128 1476 τῆς
1160 1376 1300 1479 ἁγνείας
1338 1376 1422 1478 ἦθος

384 1502 683 1609 ἐνδειξᾶσθωσαν,
714 1504 755 1585 τὸ
785 1498 948 1608 ἀκέραιον
975 1508 1039 1605 τῆς
1073 1501 1276 1609 πραΰτητος
1307 1506 1423 1585 αὐτῶν

385 1630 554 1733 βούλημα
584 1628 890 1736 ἀποδειξάτωσαν,
918 1631 961 1711 τὸ
991 1629 1131 1717 ἐπιεικὲς
1157 1635 1220 1732 τῆς
1245 1631 1423 1734 γλώσσης

386 1763 502 1842 αὐτῶν
537 1757 594 1838 διὰ
624 1764 688 1858 τῆς
721 1762 843 1866 φωνῆς
871 1757 1026 1864 φανερὸν
1054 1757 1328 1861 ποιησάτωσαν,
1360 1760 1452 1863 vivs

386 1884 530 1989 ἀγάπην
559 1889 686 1984 αὐτῶν,
716 1883 765 1986 μὴ
795 1885 886 1968 κατὰ
913 1886 1160 1989 προσκλίσεις,
1192 1885 1294 1967 ἀλλὰ
1332 1896 1425 1970 πᾶσι

386 2022 459 2100 τοῖς
476 2016 708 2124 φοβουμένοις
725 2012 789 2095 τὸν
808 2012 903 2095 θεὸν
921 2015 1040 2112 ὁσίως,
1058 2013 1143 2114 ἴσην
1156 2015 1422 2122 παρεχέτωσαν.

387 2142 447 2225 Τὰ
471 2144 575 2223 τέκνα
604 2146 702 2240 ὑμῶν
728 2146 792 2242 τῆς
819 2145 857 2222 ἒν
884 2147 1035 2250 Χριστῷ
1062 2145 1218 2231 παιδείας
1240 2157 1425 2247 μεταλαμ-

386 2270 605 2367 βανέτωσαν·
651 2269 862 2370 μαθέτωσαν
898 2270 937 2351 τί
977 2271 1286 2379 ταπεινοφροσύνη
1329 2273 1429 2380 παρὰ

388 2405 470 2507 θεῷ
497 2396 620 2505 ἰσχύει,
640 2399 677 2478 τί
701 2396 823 2500 ἀγάπη
844 2395 935 2500 ἁγνὴ
957 2396 1056 2503 παρὰ
1082 2401 1134 2506 τῷ
1162 2403 1244 2509 Θεῷ
1272 2399 1429 2504 δύναται,
1443 2440 1476 2480 ιο

387 2534 464 2613 πῶς
494 2528 513 2606 ὁ
538 2524 656 2635 φόβος
687 2528 795 2607 αὐτοῦ
827 2523 938 2612 καλὸς
970 2529 1028 2606 καὶ
1057 2525 1180 2628 μέγας,
1214 2529 1272 2608 καὶ
1301 2527 1431 2632 σώζων

388 2653 524 2741 πάντας
559 2650 642 2739 τοὺς
677 2656 714 2734 ἐν
750 2656 846 2762 αὐτῷ
884 2654 993 2740 ὁσίως
1027 2656 1358 2762 ἀναστρεφομένους
1393 2660 1432 2739 ἐν

389 2786 526 2890 καθαρᾷ
547 2781 689 2888 διανοίᾳ.
744 2779 956 2886 Ἐρευνηπὴς
988 2779 1060 2885 γάρ
1081 2784 1180 2863 ε’στιν
1206 2786 1349 2865 ἐννοιῶν
1373 2789 1433 2867 καὶ

388 2910 622 3011 ἐνθυμήσεων,
641 2910 682 2989 οὗ
700 2910 722 3009 ἡ
740 2907 833 3010 πνοὴ
850 2911 958 2990 αὐτοῦ
979 2911 1017 2989 έν
1033 2910 1117 3010 ἡμῖν
1134 2911 1247 3010 ἐστίν,
1269 2915 1327 2993 καὶ
1346 2914 1434 2996 ὅταν

390 3037 479 3143 θέλῃ
496 3036 611 3117 ἀνέλει
630 3038 750 3138 αὑτήν.
1448 3085 1482 3146 15

390 3319 524 3398 quentius
543 3325 642 3378 utetur
660 3338 730 3378 mox
749 3338 767 3376 u
787 3318 892 3378 deusto
931 3317 1014 3377 Alex.
1038 3315 1156 3400 [Strom
1172 3316 1217 3376 ΠῙ
1229 3318 1288 3392 xri,
1301 3339 1329 3396 p.
1346 3318 1430 3404 517.]

391 3401 546 3472 Clemente,
568 3401 663 3461 nullus
689 3400 798 3473 dubito,
823 3400 892 3477 quin
932 3400 1089 3459 incitando
1109 3400 1243 3459 hocloco
1262 3400 1436 3462 exhibetis&

390 3483 463 3541 hene
492 3483 651 3560 Epistulam
676 3482 787 3560 legerit,
815 3501 890 3540 esm-
932 3487 975 3553 τῆς
988 3487 1070 3557 σιγῆς,
1085 3501 1156 3559 quee
1169 3481 1434 3543 lectioverioresse

390 3584 446 3642 que
470 3584 537 3642 pree
561 3565 649 3623 oeulis
670 3565 729 3622 suis
751 3563 891 3637 habuerit,
931 3564 1051 3622 videtur.
1095 3564 1146 3621 Sin
1162 3563 1320 3623 retineatur
1338 3570 1435 3639 φωνῆς,

391 3665 479 3722 quum
493 3645 637 3723 scripserit
649 3666 729 3705 suem
741 3666 749 3718 ;
770 3646 892 3723 indeque
931 3666 989 3704 non
1004 3652 1065 3704 tem
1087 3644 1123 3703 de
1139 3665 1208 3704 voce
1228 3645 1297 3721 ipse,
1311 3646 1371 3706 sive
1390 3647 1434 3705 lo·

391 3734 520 3786 constare
541 3747 632 3804 posse,
654 3728 807 3805 legendum
830 3747 891 3786 esse
932 3727 1037 3804 quendi
1057 3727 1176 3799 eetione,
1201 3746 1287 3804 quum
1310 3726 1347 3787 de
1374 3748 1435 3787 ms·

390 3809 445 3867 hoe
466 3809 496 3867 in
518 3809 580 3868 loeo
603 3815 649 3866 τοῦ
673 3815 767 3882 φόβου,
788 3829 805 3866 τι
827 3808 891 3868 cle·
930 3808 1003 3867 teria
1016 3809 1090 3867 eirea
1102 3828 1188 3886 quum
1200 3816 1339 3882 versetur,
1350 3830 1435 3888 opor-

390 3896 487 3949 mente
494 3889 575 3949 Alex.
588 3890 733 3963 omissum,
747 3890 889 3949 existimo.
930 3897 974 3949 tet
987 3889 1058 3947 iliud
1071 3889 1253 3967 explicemus,
1261 3890 1307 3948 vel
1318 3891 1354 3950 de
1367 3892 1434 3950 eub-

390 3971 512 4031 WOTT.
565 3970 606 4031 Oi
633 3972 734 4044 Bothe,
755 3971 893 4048 Anfflupe
931 3971 1018 4029 misso
1051 3971 1185 4049 loquendi
1216 3991 1329 4049 genere,
1357 3973 1435 4050 quod

390 4054 442 4112 der
456 4053 569 4114 Christi.
585 4053 699 4124 Eirene,
714 4074 742 4131 p.
759 4072 826 4127 403.
850 4052 891 4112 U·
931 4052 1055 4111 maxime
1076 4053 1183 4111 indieat
1204 4053 1374 4113 modestiam
1400 4054 1435 4113 il·

390 4134 485 4193 berius
498 4134 534 4193 de
547 4135 600 4192 hue
613 4154 644 4193 re
658 4135 820 4212 nuperrime
834 4133 891 4192 dis·
930 4135 996 4206 lem,
1010 4154 1083 4212 quse
1095 4134 1151 4212 piis
1164 4142 1194 4193 et
1207 4134 1313 4193 sanetis
1333 4135 1434 4194 mulie·

389 4215 694 4293 puteritThoenissen,
707 4215 798 4295 (Zwei
811 4216 889 4274 Hier.
931 4216 1010 4274 ribus
1033 4216 1148 4293 proprie
1175 4215 1244 4293 ipsis
1264 4235 1370 4294 magno
1390 4225 1435 4276 est

392 4297 484 4356 Τίιεοί.
526 4297 765 4374 Αὸίιαοιιθυιτιροοτ,
801 4297 890 4356 Ττίοτ.
933 4305 1106 4357 ornamento.
1123 4295 1244 4356 WO'l'l'.
1270 4296 1435 4358 OumWot·

394 4378 491 4455 1841)
525 4399 651 4452 monens,
691 4381 893 4454 προηγουμένους
932 4386 1002 4439 tono
1035 4379 1143 4437 fuciunt
1172 4378 1285 4453 Junius,
1313 4379 1435 4447 Boieiue,

389 4460 549 4538 significare
575 4471 753 4539 praesentem
776 4461 893 4539 Episco-
933 4460 1359 4535 Columesius,H0rnemunnue,
1370 4460 1436 4520 Hil-

390 4562 461 4619 pum
475 4542 689 4601 Corinthiorum
709 4549 739 4601 et
752 4562 892 4601 suceesso-
932 4542 1052 4620 genfeld.
1075 4541 1242 4614 Dresselius,
1261 4550 1291 4602 et
1311 4542 1436 4603 Ruehati

390 4643 435 4682 res
446 4625 523 4701 ejus;
534 4644 633 4683 vocem
640 4628 833 4699 πρεσβυτέρους
841 4644 891 4682 eu·
932 4623 1034 4696 versio,
1052 4623 1163 4699 ηττόθω
1173 4622 1290 4698 fuerent
1304 4628 1437 4701 purottre

390 4712 450 4764 tem
464 4706 499 4764 de
511 4705 638 4784 collegio
649 4706 892 4783 Presbyteromm,
927 4726 989 4781 ραν
1011 4706 1088 4764 leurs
1107 4704 1236 4764 decom
1256 4705 1286 4764 ἱσ
1305 4706 1437 4765 modera-

390 4789 460 4846 νέους
480 4788 516 4846 de
535 4787 720 4847 multitudine
741 4787 894 4846 laieorum
932 4787 995 4845 tion
1014 4787 1049 4845 de
1068 4787 1131 4845 ῖοατ
1148 4787 1260 4862 turaque
1302 4786 1437 4847 Davisius

390 4867 608 4947 intelligendum
621 4889 689 4928 esse.
712 4868 855 4927 HEFEL.
932 4868 1049 4946 conjicit
1069 4871 1110 4925 διὸ
1129 4872 1174 4940 τῆς
1193 4870 1314 4942 munus.
1345 4876 1380 4928 ut
1399 4869 1437 4928 ed

432 4968 458 5023 3.
484 4953 699 5026 ἐνδειξάοθωοαν]
725 4951 792 5009 Vox
821 4949 892 5008 Pau·
933 4949 996 5009 MS.
1025 4950 1142 5027 propius
1173 4949 1333 5008 eeeedetur.
1389 4950 1437 5009 Sic

390 5029 455 5100 line,
476 5031 513 5088 ed
534 5031 616 5090 Rom.
632 5032 653 5090 ii
671 5045 715 5106 15,
736 5031 792 5092 Tit
807 5032 829 5091 ii
846 5049 891 5103 10,
934 5031 1095 5109 Herzogius
1119 5050 1240 5108 quoque,
1261 5031 1438 5109 Μαοοίρττιτρ

390 5110 421 5168 iii
438 5129 463 5183 2,
477 5112 526 5169 tre.
932 5112 1013 5171 ihrer
1025 5115 1126 5188 Ζυπρο
1140 5111 1227 5171 sollers
1240 5113 1438 5190 semipasta

431 5205 458 5266 5.
487 5195 528 5250 tut
554 5197 598 5263 τῆς
623 5190 722 5274 φωνῆς]
760 5193 893 5254 Clemens
932 5194 1114 5272 θώωοιραις
1128 5200 1158 5254 et
1172 5193 1313 5268 Greeeius,
1327 5216 1363 5255 en
1376 5215 1435 5255 mo-
