3250 6617
357 1130 421 1192 104

710 1121 856 1185 INDEX
880 1120 1137 1184 VERBORUM

356 1299 462 1371 Πρᾶξις.
506 1296 614 1365 ἐνδόξων
633 1296 813 1365 μετειληφότες
833 1295 900 1366 πρά·
941 1290 1071 1366 Πραῦτης.
1112 1295 1142 1348 τό
1160 1291 1278 1365 άκέραιον
1290 1296 1336 1364 τῆς
1353 1294 1474 1367 πραΰτητος

396 1382 468 1448 ξεων.
494 1375 584 1434 Olem.
606 1374 621 1431 I
645 1394 670 1449 9.
722 1375 756 1429 Ἢ
777 1377 903 1447 μαρτυρία

397 1460 546 1532 τῆςάηαθης
559 1459 681 1530 πράξιος.
704 1474 750 1529 30.

357 1544 480 1614 Πραότης.
508 1540 564 1608 ἡδέ
577 1543 689 1612 πραότης
702 1540 779 1593 αῦτοῦ
792 1536 902 1603 δύναμις.

983 1377 1065 1429 αὐτῶν
1077 1373 1205 1443 βοόλημα.
1227 1373 1319 1431 Clam
1335 1374 1352 1431 Ι
1369 1394 1414 1432 21.
1438 1378 1477 1432 ι’τι·

985 1458 1140 1512 είκεια...καὶ
1160 1453 1276 1528 πραότης
1295 1459 1365 1530 παρὰ
1382 1462 1433 1515 τοῖς
1447 1460 1477 1512 ‹1-

985 1539 1132 1610 λογημένοις
1145 1539 1195 1592 ῦπδ
1209 1542 1257 1591 τοῦ
1271 1543 1346 1594 θεοῦ.
1370 1558 1418 1612 30.

399 1621 462 1697 Igu.
479 1619 563 1677 Tmll.
581 1637 606 1692 3.
650 1620 738 1691 Χρῄζω
760 1617 804 1672 οῦν
823 1621 904 1689 πραό-
944 1620 1062 1691 Πμέπειν.
1090 1620 1195 1690 Πρέπον
1208 1618 1254 1673 σόν
1269 1621 1326 1675 ἐστι
1340 1624 1402 1674 κατὰ
1414 1624 1481 1675 πάντα

397 1725 479 1772 τητος.
502 1721 527 1771 4.
590 1702 650 1758 τοῦς
681 1699 845 1771 λοιμοτέρους
876 1700 904 1753 ἐν

397 1787 519 1855 πραότητι
530 1784 670 1838 ῦπότασσε.
684 1780 778 1855 Polym
792 1798 817 1835 2.
848 1789 904 1835 Μα-

398 1864 572 1936 κροθυμίησατε
595 1862 640 1918 οὖν
660 1863 714 1933 μετ’
735 1861 855 1931 άλλίηλων
878 1862 905 1916 ἐν

398 1950 526 2016 πραότητι.
551 1944 576 1999 6.

358 2029 501 2098 Πράσσειν.
543 2030 626 2079 Ταῦτα
639 2026 689 2097 χόρ
702 2026 726 2078 οί
743 2025 906 2095 πράσσοντες

399 2108 527 2179 στυγητοί.
558 2105 646 2162 Clem.
671 2103 686 2160 I
710 2118 756 2177 35.
827 2109 905 2159 ταῦτα

399 2189 469 2258 ἡμῶν
490 2192 661 2261 πρασσόντων
680 2182 749 2241 εἶπεν
769 2189 784 2241 ό
803 2184 904 2257 Κόριος.

400 2268 432 2324 lI
453 2289 481 2339 4.
533 2269 609 2338 ἐντῇ
631 2267 907 2340 σαρκλόέπράξαμεν

399 2351 505 2422 πονηρά.
522 2351 548 2406 8.
578 2351 600 2404 εί
609 2351 656 2418 μέν
666 2350 738 2403 αῦτοί
746 2349 818 2419 μόνοι
828 2352 906 2403 ταῦτα

400 2433 541 2504 ἔπρασσον,
552 2431 654 2485 ἀνεκτὸν
663 2428 702 2499 ἦν.
718 2447 761 2485 10.
787 2431 907 2501 πράττειν

401 2515 618 2586 συναναγκάζεται.
641 2510 754 2587 Fragm.
772 2510 808 2566 vi.
853 2511 906 2566 ε’πι-

400 2598 532 2667 γινώσκων
545 2594 621 2648 δι’όνν
634 2592 661 2647 εὖ
677 2596 816 2665 πράσσετε.
839 2590 903 2667 Igu.

402 2674 476 2750 Eph.
493 2694 517 2745 4.
564 2698 618 2729 τινα
639 2677 799 2747 πράσσοντες
819 2673 907 2742 άιάξια

401 2762 476 2813 θεοῦ.
497 2769 523 2829 7.
566 2759 598 2810 Οί
615 2758 729 2826 σαρκικοί
747 2757 778 2810 τά
797 2777 906 2825 πνευμα-

400 2840 456 2892 τικά
477 2840 605 2909 πράσσειν
617 2839 647 2891 οῦ
665 2836 788 2891 δύνανται.
811 2836 838 2892 8.
870 2832 906 2889 ‘A

401 2920 429 2974 δέ
443 2920 483 2974 καί
496 2920 558 2973 κατά
568 2922 651 2991 σάρκα
664 2920 804 2990 πράσσετε.
820 2915 856 2973 ib.
881 2918 908 2971 ἐν

401 3000 486 3070 Ἰησοῦ
496 3002 546 3072 γάρ
559 3003 663 3073 Χριστῷ
676 3001 757 3055 πάντα
765 3000 906 3069 πράσσετε.

402 3081 441 3139 ib.
476 3082 507 3135 δι’
532 3082 566 3135 όιν
589 3083 754 3153 πράσσουσιν
776 3079 906 3151 όφθήσον-

401 3186 448 3220 ται.
469 3181 512 3232 14.
552 3159 592 3217 ίνα
610 3162 641 3217 δι’
656 3163 691 3216 όιν
702 3164 776 3216 λαλεῖ
792 3165 906 3233 πράσση.

984 1703 1079 1770 τρόπον
1092 1700 1205 1767 δοξάζειν
1211 1699 1323 1769 Ἰησοῦν.
1345 1699 1409 1777 Igu.
1420 1700 1481 1777 Eph

988 1799 1013 1836 2.
1051 1781 1130 1836 Ὅθεν
1151 1782 1243 1852 πρέπει
1265 1784 1324 1850 ὑμῖν
1348 1786 1483 1855 συντρέχειν

985 1867 1074 1932 τῇτοῦ
1088 1864 1228 1917 ἐπισκόπου
1241 1867 1338 1934 γνώμη.
1358 1885 1384 1933 4.
1413 1867 1483 1936 Χαρίς

985 1943 1076 1998 τοῦτον
1101 1943 1178 2012 μηδέν
1206 1946 1266 2012 ὑμῖν
1296 1946 1423 2015 πριπέτιν.
1447 1962 1483 2000 11.

986 2026 1034 2079 Καὶ
1052 2025 1110 2093 ὑμῖν
1123 2025 1150 2079 δέ
1163 2025 1257 2096 πρέπει
1277 2026 1312 2094 μὴ
1330 2028 1484 2099 συγχράσθαι

985 2110 1015 2175 ιη’)
1029 2105 1111 2176 ἡλικίᾳ
1124 2110 1170 2159 τοῦ
1183 2107 1335 2162 ἐπισκόπου.
1357 2106 1451 2183 Magn.
1462 2125 1484 2179 3.

986 2189 1084 2258 πρέπον
1101 2189 1172 2241 ἐστίν
1190 2186 1322 2242 ἐπακούειν
1340 2191 1403 2243 κατὰ
1420 2191 1484 2259 μηδι·

986 2270 1045 2337 μίαν
1071 2270 1212 2337 ὑπόκρισιν.
1235 2267 1274 2323 ib.
1321 2271 1427 2337 Πρέπον
1449 2270 1487 2325 οῦν

986 2349 1057 2403 ἐστιν
1076 2351 1111 2419 μὴ
1131 2351 1208 2418 μόνον
1229 2352 1366 2405 καλείσθω
1390 2361 1486 2422 Χριστι·

986 2429 1068 2488 ανοῦς.
1091 2450 1117 2500 4.
1169 2430 1268 2501 Πρέπει
1292 2433 1344 2504 γάρ
1366 2434 1425 2501 ὑμῖν
1442 2436 1487 2489 τοῖς

986 2512 1107 2566 καθ’ένα.
1130 2509 1217 2567 Trall.
1236 2528 1283 2567 12.
1335 2513 1381 2571 οῦς
1400 2514 1487 2586 πρέπον

985 2594 1044 2661 ὑμῖν
1063 2594 1134 2647 ἐστιν
1153 2594 1216 2646 κατά
1239 2594 1322 2647 πάντα
1343 2595 1486 2650 ἀναπαῦσαι.

986 2672 1070 2730 Rom.
1087 2691 1130 2729 10.
1172 2674 1273 2745 πρέπον
1292 2676 1366 2730 ἐστὶν
1384 2678 1486 2743 ὑμῖν...

985 2758 1161 2828 χειροτονῆσαι
1179 2756 1301 2810 διάκονον.
1325 2754 1432 2814 Philad
1448 2775 1486 2813 10.

986 2837 1090 2908 Πρέπον
1112 2835 1157 2891 οὖν
1183 2837 1254 2891 ἐστιν
1279 2837 1423 2909 άπέχεσθσι
1444 2844 1488 2893 τόν

986 2918 1113 2973 τοιοῦτον.
1137 2916 1250 2992 Smyrn.
1271 2930 1297 2990 7.
1346 2922 1436 2991 πρέπει
1456 2922 1487 2976 τίς

986 3000 1059 3069 τιμὴν
1068 3004 1134 3054 θεοῦ
1146 3002 1334 3071 χειροτονῆσαι.
1354 3018 1399 3056 11.
1426 3002 1486 3073 Πρέ-

986 3103 1029 3135 πει
1059 3081 1086 3135 δέ
1113 3084 1166 3137 τοῖς
1196 3085 1319 3153 γαμοῦσι.
1349 3080 1484 3157 Polym&

987 3162 1085 3234 Πρέπει
1098 3161 1315 3229 ...συμβούλιον
1328 3163 1438 3235 άγσγεῖν.
1452 3178 1476 3234 7.

406 3257 449 3316 15.
488 3246 512 3299 οί
536 3246 598 3298 κατὰ
622 3243 705 3315 σάρκα
725 3247 804 3297 ταῦτα
822 3244 907 3313 πράσ-
948 3244 1090 3314 Πρεσβεία.
1114 3244 1487 3314 είςτδπρεσβεῦσαιέκεῐθεοῦ

402 3349 499 3383 σοντες.
519 3325 564 3380 16.
609 3327 679 3379 άτινο
695 3325 722 3379 ἐν
734 3323 830 3396 ἡσυχίᾳ
843 3327 908 3379 θεοῦ

987 3325 1135 3396 πρεσβείαν.
1158 3322 1222 3399 Ign.
1239 3322 1351 3381 Philad
1366 3343 1410 3381 10.

402 3408 522 3480 ἐπράχθη.
544 3425 587 3480 19.
622 3408 701 3477 χωρὶς
714 3406 741 3460 δέ
755 3406 907 3462 αιἰτοῦπάν-
949 3405 1115 3477 Πρεσβεῦειν.
1144 3407 1222 3462 είςτδ
1236 3409 1409 3478 πρεσβεῦσαι.
1432 3406 1485 3483 [gn.

402 3513 434 3544 τα
446 3491 618 3561 πράσσουσιν.
633 3486 729 3562 Magn.
746 3507 771 3557 4.
809 3488 836 3541 ἐν
848 3491 907 3556 όμο·

405 3571 458 3640 νοίρ
479 3573 545 3624 θεοῦ
559 3614 565 3625 .
579 3615 584 3625 .
598 3571 698 3624 ,πάντα
720 3570 858 3640 πράσσειν.
881 3568 906 3623 6.

990 3484 1101 3543 Philad.
1117 3505 1159 3542 10.
1203 3485 1254 3540 εἴτε
1273 3486 1302 3541 όν
1319 3490 1418 3561 πέμψω
1432 3511 1486 3560 τρε-

990 3567 1143 3633 σβεόσοντα.
1166 3566 1263 3641 Polyc.
1280 3566 1353 3624 Phil.
1371 3588 1413 3642 13·

403 3653 461 3706 άνευ
475 3655 520 3705 τοῦ
533 3652 687 3706 ἐπισκόπου.
701 3695 706 3705 .
720 3650 907 3721 ,μηδένπρόσ-
949 3650 1149 3721 Πρεσβυτέριον.
1182 3651 1382 3719 ἐπιτασσόμενοι
1395 3656 1430 3726 τῷ
1441 3652 1487 3705 ἐπι·

403 3756 472 3788 σετε.
498 3744 525 3804 7.
587 3732 650 3785 καθά
676 3732 837 3801 πράσσομεν.
863 3748 906 3786 10.

402 3813 546 3887 πραχθέντα
559 3812 658 3881 άληθῶς
671 3814 711 3866 καί
723 3814 844 3876 βεβαίως.
863 3829 906 3868 11.

403 3898 461 3950 ἄνευ
475 3899 520 3949 τοῦ
533 3896 672 3949 ἐπισκόπου
693 3893 770 3962 μηδέν
782 3896 910 3965 πράσσειν

403 3979 473 4047 ὑμᾶς.
494 3974 578 4031 Trall.
601 3993 626 4030 2.
673 3978 687 4027 ό
706 3973 785 4046 χωρίς
804 3974 907 4029 ἐπισκό-

401 4059 643 4129 που...πράσσιιν
657 4078 688 4111 τι.
711 4068 736 4126 7.
780 4055 820 4109 ἵνα
836 4055 850 4109 δ
866 4057 910 4110 ἐὰν

402 4143 537 4214 πράσσητε
572 4139 634 4191 κατά
668 4139 733 4191 θεὸν
765 4138 908 4209 πράσσητε.

403 4220 512 4278 Philad
540 4239 565 4289 4.
629 4220 706 4288 μηδὲν
728 4217 780 4272 κατ’
804 4218 911 4290 ἐριθείαν

403 4307 539 4376 πράσσειν.
562 4301 588 4356 8.
641 4301 673 4354 Εί
698 4301 748 4372 γὰρ
773 4302 803 4354 τό
830 4300 910 4354 δοκεῖν

402 4389 480 4439 ταῦτα
511 4382 625 4454 ἐπράχθη
652 4383 701 4436 ὑπὸ
727 4385 773 4435 τοῦ
803 4383 907 4453 Κυρίου.

403 4464 516 4540 Smym.
540 4483 567 4534 4.
637 4465 731 4532 Μηδεὶς
757 4464 837 4535 χωρίς
862 4466 909 4517 τοῦ

402 4548 543 4602 ἐπισκόπου
567 4568 591 4599 τι
618 4546 768 4616 πρασσέτω.
794 4546 821 4600 8.
876 4541 907 4599 ἶν’

401 4628 522 4700 άσφαλές
544 4622 580 4695 ᾔ.
598 4629 693 4682 ..πᾶν
716 4624 730 4678 δ
753 4628 907 4698 πράσσεται.

402 4707 439 4765 ib.
466 4712 480 4763 ό
505 4708 588 4778 λάθρα
610 4707 750 4762 ἐπισκόπου
773 4710 798 4761 τί
821 4708 906 4778 πράσ-

402 4812 463 4846 σων.
480 4808 508 4861 9.
551 4788 671 4842 θέλουσιν
690 4789 740 4860 γάρ
761 4789 819 4857 ὑμῖν
837 4786 866 4842 εῦ
883 4810 908 4841 τι

400 4874 537 4943 πράσσειν.
557 4887 601 4924 ΙΙ.
640 4870 703 4938 μηδὲ
717 4871 752 4924 σὺ
768 4871 827 4924 άνευ
841 4874 908 4924 θεοῦ

401 4974 425 5005 τι
451 4955 564 5024 πρᾶσσε·
593 4951 656 5022 ὅπερ
683 4952 741 5005 οῦδέ
767 4953 905 5024 πράσσεις.

401 5031 495 5107 Polyc.
514 5054 539 5103 4.

359 5115 531 5185 Πραῦπάθεια.
564 5113 647 5184 Ὑμεῖς
666 5112 711 5168 οῦν
725 5114 771 5182 τὴν
788 5115 903 5183 πραῦπά-

400 5194 469 5249 θειαν
482 5195 658 5257 άναλαβόντες.
681 5194 745 5270 lgss.
761 5192 847 5252 Trall.
864 5196 890 5250 8.

357 5272 455 5348 Πραός.
488 5277 553 5347 πρός
572 5278 617 5333 τάς
636 5276 714 5349 όργδς
734 5278 816 5331 αὐτῶν
836 5279 906 5348 ὑμεῖς

397 5359 494 5430 πραεῖς.
516 5355 578 5432 Igu.
595 5356 728 5432 Eph.10.

989 3733 1077 3806 σκόπιρ
1101 3734 1141 3786 καί
1161 3735 1197 3804 τῷ
1216 3734 1407 3806 πρεσβυτερίῳ.
1432 3733 1487 3806 lgn.

990 3810 1063 3887 Eph.
1088 3830 1115 3867 2.
1166 3815 1201 3866 Τδ
1234 3813 1286 3884 γάρ
1312 3813 1488 3883 άξισνόμαοτον

989 3895 1057 3964 ὑμῶν
1066 3893 1261 3966 πρεσβυτέριον.
1284 3914 1311 3963 4.
1341 3897 1419 3951 είςτδ
1432 3897 1487 3949 {nm-

989 3974 1070 4029 κοῦειν
1093 3976 1156 4043 ὑμᾶς
1177 3978 1214 4049 τῷ
1238 3976 1372 4050 έπισκόπφ
1399 3979 1438 4031 καί
1458 3978 1489 4048 τῷ

988 4057 1174 4129 πρεσβυτερίιρ.
1198 4073 1244 4111 20.
1275 4058 1316 4110 καὶ
1329 4079 1367 4132 τιρ
1380 4060 1488 4130 πρεσβυ-

988 4135 1062 4212 τερίερ
1089 4139 1123 4194 ὣς
1157 4139 1224 4211 νόμῳ
1250 4136 1338 4206 Ἰησοῦ
1373 4142 1487 4211 Χριστοῦ.

990 4216 1087 4294 Magn.
1109 4235 1135 4273 2.
1180 4221 1221 4272 καὶ
1242 4218 1399 4286 άξιοπλόκου
1421 4242 1488 4275 πνεν-

989 4304 1093 4369 ματικοῦ
1119 4302 1250 4369 στεφάνου
1276 4304 1323 4354 τοῦ
1350 4304 1489 4374 πρεσβυτι-

988 4382 1054 4453 ρίου.
1081 4397 1123 4453 13.
1176 4382 1374 4437 ι’πτοτάσσεσθαι
1400 4383 1490 4454 καὶτᾷ

989 4462 1168 4537 πρεσβυτερίιμ
1193 4464 1229 4518 ὣς
1251 4466 1305 4519 τοῖς
1332 4464 1490 4519 άποοτόλοις.

989 4542 1077 4599 Tmll.
1097 4561 1123 4598 2.
1164 4544 1277 4614 όχωρὶς
1295 4544 1437 4601 ἐπισκόπου
1455 4545 1490 4597 καί

988 4625 1176 4697 πρεσβυτερίου
1186 4626 1228 4678 καὶ
1241 4625 1358 4679 διακόνου
1372 4629 1491 4699 πράσσειν

988 4728 1020 4760 τι.
1037 4719 1064 4778 7.
1100 4707 1191 4776 ὁμοίως
1204 4707 1244 4758 καί
1257 4709 1294 4780 τῷ
1307 4707 1489 4780 πρεσβυτερίμ.

993 4804 1038 4859 13.
1078 4787 1129 4856 όμα
1142 4790 1178 4861 τῷ
1191 4790 1373 4863 πρεσβυτερίφ
1390 4792 1429 4843 καί
1444 4790 1491 4843 δια·

989 4872 1069 4925 κόνοις
1077 4871 1130 4924 τοῖς
1142 4866 1293 4926 συνδούλοις
1305 4892 1365 4938 μου.
1387 4867 1489 4925 Phila&

990 4970 1016 5020 4.
1058 4953 1112 5006 τοῖς
1129 4948 1285 5006 ἀποστόλοις
1302 4952 1336 5006 ὣς
1354 4955 1492 5024 πρεσβυτι-

987 5035 1035 5107 ρίῳ
1057 5029 1198 5098 ἐκκλησίας.
1221 5043 1248 5101 5.
1303 5036 1345 5106 Τῷ
1367 5034 1492 5105 ἐπισεόκφ

987 5112 1139 5185 προσέχετε,
1154 5113 1194 5166 καί
1206 5115 1243 5186 τῷ
1258 5116 1448 5189 πρεσβυτερίφ.
1466 5127 1491 5183 7.

987 5200 1023 5270 τῷ
1046 5193 1224 5267 πρεσβυτερίιρ
1248 5194 1283 5250 ιὀς
1306 5197 1359 5252 τοῖς
1386 5196 1492 5251 άποοτό-

986 5279 1048 5333 λοις.
1071 5272 1184 5349 Smym.
1208 5274 1235 5329 8.
1275 5275 1493 5348 θεοπρεπέστατον

985 5356 1179 5429 πρεσβυτέρων.
1206 5373 1249 5411 12.
