3250 6617
354 1072 417 1136 106
717 1069 750 1130 S.
774 1066 1031 1130 CLEMENTIS

352 1241 577 1323 πεντακόσια·
618 1237 805 1342 γενόμενόν
833 1272 871 1318 τε
903 1237 971 1336 ἤδη
1004 1235 1095 1339 πρὸς
1123 1234 1306 1315 ἀπόλυσιν
1333 1243 1396 1312 τοῦ

353 1374 540 1450 ἀποθανεῖν
571 1367 669 1463 αὐτό,
699 1365 813 1466 σηκὸν
841 1368 952 1472 ἑαυτῷ
979 1371 1073 1444 ποιεῖ
1096 1364 1133 1442 ε’κ
1159 1358 1313 1455 λιβάνου
1339 1363 1396 1439 καὶ

354 1495 527 1600 σμύρνης,
549 1499 606 1576 καὶ
633 1502 705 1574 τῶν
728 1500 866 1574 λοιπῶν
888 1489 1094 1596 ἀρωμάτων,
1112 1495 1160 1574 είς
1186 1489 1228 1570 ὃν
1245 1498 1393 1592 πληρω·

353 1624 472 1708 θέντος
501 1632 564 1703 τοῦ
594 1621 724 1729 χρόνου
753 1622 957 1726 εἰσέρχεται,
987 1623 1045 1698 καὶ
1077 1621 1234 1724 τελευτᾷ·
1274 1650 1393 1716 σηπο-

353 1752 460 1853 μένης
492 1750 528 1830 δὲ
559 1755 622 1851 τῆς
650 1748 786 1853 σαρκὸς
815 1745 973 1852 σκώληξ
1002 1782 1055 1831 τις
1083 1754 1257 1848 γεννᾶται,
1287 1744 1327 1831 ὃς
1357 1748 1424 1830 ε’κ5

353 1884 417 1980 τῆς
438 1877 585 1978 ἰκμάδος
607 1887 670 1959 τοῦ
692 1873 978 1976 τετελεικηκότος
1003 1871 1093 1984 ζῴου
1115 1871 1396 1981 ἁνατρεφόμενος

352 2014 551 2113 πτεροφυεῖ·
580 2002 654 2085 εἶτα
680 2012 839 2106 γενναῖος
868 2002 1051 2106 γενόμενος
1075 2002 1162 2107 αἴρει
1190 2001 1253 2083 τὸν
1280 2000 1396 2103 σηκὸν

352 2138 488 2231 ἐκεῖνον,
512 2134 601 2215 <inno
625 2133 671 2213 τὰ
700 2136 795 2214 ὀστᾶ
823 2142 887 2212 τοῦ
916 2129 1177 2236 προγεγονότας
1199 2132 1310 2229 ἔστιν,
1339 2134 1397 2211 καὶ

352 2271 464 2342 ταῦτα
481 2259 687 2363 βαστάζων,
709 2260 852 2339 διανεύει
877 2258 949 2340 ἀπὸ
974 2264 1038 2359 τῆς
1054 2261 1250 2364 Ἀραβαεῆς
1276 2258 1397 2365 χώρας

353 2392 417 2475 ἕως
443 2395 505 2490 τῆς
535 2389 730 2491 Αἰγύπτου,
758 2393 806 2472 εἱς
836 2386 902 2486 τὴν
926 2388 1122 2488 λεγομένην
1138 2385 1395 2468 Ἡλιούπολιν·
1412 2417 1451 2456 10

354 2521 411 2597 καὶ
428 2516 569 2621 ἡμέρας,
590 2515 801 2609 βλεπόντων
818 2513 975 2614 πάντων,
993 2513 1153 2613 ἐπιστάς,
1173 2518 1229 2595 ἐπὶ
1252 2514 1317 2595 τὸν
1333 2524 1397 2596 τοῦ

353 2647 456 2744 ἡλίου
485 2643 610 2743 βωμὸν
642 2645 783 2743 τίθησιν
810 2641 912 2736 αι’ντοί,
944 2645 1002 2722 καὶ
1030 2645 1141 2728 οὕτως
1162 2647 1209 2729 εἷς
1234 2644 1398 2724 τούπίσω

353 2777 509 2880 ἀφορμᾷ.
554 2776 602 2850 Oi
622 2772 684 2849 οὖν
703 2776 801 2875 ἱερεῖς
818 2769 1086 2851 ἐπισκέπτονται
1103 2769 1167 2856 τὰς
1185 2769 1399 2878 ἀναγραφὰς

352 2909 424 2978 τῶν
445 2899 597 3005 χρόνων,
628 2901 685 2977 καὶ
713 2900 938 3001 εὑρίσκουσιν
964 2897 1072 2979 αὑτὸν
1092 2907 1397 2979 πεντακοσιοστοῦ

352 3029 450 3113 ἔτους
476 3025 757 3129 πεπληρωμένου
784 3026 1007 3126 ἐληλυθέναι.
1413 3065 1445 3123 15

189 3184 321 3260 Ιιιτιιπω-
410 3152 495 3236 Kf'.
529 3154 638 3255 Μέγα
656 3156 713 3232 καὶ
737 3152 948 3253 θαυμαστόν
966 3156 1028 3234 οὖν
1051 3153 1232 3257 νομίζομεν
1249 3153 1398 3255 civetati

189 3253 337 3363 meiito
353 3289 372 3365 ὁ
391 3280 603 3387 δημιουργὸς
627 3289 698 3361 τῶν
716 3282 885 3362 ἁπάντων
903 3280 1105 3364 ἀνάστασιν
1123 3283 1308 3387 ποιήσεται
1326 3292 1399 3365 τῶν

188 3380 310 3494 dirim
355 3414 464 3496 ὁσίως
493 3413 588 3516 αὐτῷ
625 3408 896 3489 δουλευσάντων
932 3413 969 3489 ἐν
1002 3412 1208 3512 πεποιθήσει
1244 3414 1399 3498 πίστεως

354 3545 503 3642 ἀγαθῆς,
525 3539 614 3618 ὅπου
636 3543 694 3617 καὶ
719 3539 759 3616 δι’
780 3539 903 3641 ὀρνέου
922 3543 1098 3619 δείκνυσιν
1115 3541 1198 3639 ἡμῖν
1215 3539 1257 3621 τὸ
1284 3575 1395 3643 μεγα-

352 3792 520 3864 ιίρεθρητικῆς.
563 3788 600 3845 Is.
617 3786 736 3846 Vossius
757 3787 793 3844 de
810 3786 854 3844 Si·
941 3806 964 3844 1.
982 3789 1109 3844 ἀπόλυσιν
1131 3793 1177 3843 τοῦ
1197 3790 1332 3844 ἀποθανεῖν
1356 3791 1398 3844 αὖ·

352 3870 496 3947 byllinis§
513 3883 540 3942 5,
554 3890 581 3946 p.
598 3887 646 3942 31,
662 3868 755 3925 Oxon.
770 3870 855 3938 1680,
896 3868 938 3941 τό]
962 3868 1075 3926 Boiaiua
1100 3868 1254 3945 legendum
1276 3870 1398 3929 arbitra-

352 3951 475 4009 affirmat
502 3950 653 4027 Aegyptiis
682 3956 711 4007 et
738 3948 856 4007 Judaeis
895 3956 945 4007 tur
964 3954 1029 4023 πρὸς
1046 3952 1181 4016 dadano,
1196 3955 1236 4007 καὶ
1256 3956 1342 4023 καιρὸν
1355 3957 1400 4007 τοῦ

352 4033 513 4109 symbolum
541 4031 641 4107 Magni
668 4030 746 4087 Anni
769 4030 856 4088 fuiaae
896 4033 1028 4088 ἀποθανεῖν
1047 4034 1118 4103 αὐτό,
1132 4039 1165 4090 ut
1181 4032 1323 4108 posteriue
1344 4034 1399 4104 ἐξὴ-

354 4114 635 4177 Phoenioomave1n‚
658 4119 745 4189 atque
768 4111 854 4169 fabel-
894 4137 970 4186 γησις
989 4112 1028 4170 ait
1044 4113 1153 4189 prioria.
1197 4114 1331 4172 Davisius
1344 4115 1400 4174 tria

353 4197 410 4254 lam
432 4203 524 4254 totam
550 4193 742 4270 excogitatam
769 4193 856 4251 fiiisaa
896 4194 982 4252 verba
992 4205 1137 4271 postrema
1146 4195 1326 4270 glossematis
1337 4196 1399 4255 looo

352 4278 389 4335 ad
403 4276 605 4353 designandam
620 4277 709 4333 αἰῶνος
723 4294 772 4332 eeu
792 4273 855 4333 aevi
896 4275 990 4345 habet,
1017 4282 1046 4335 et
1068 4296 1206 4354 reponere
1228 4277 1314 4354 jubet
1335 4282 1401 4353 πρὸς

353 4359 539 4417 durationem.
582 4357 665 4415 Idem
685 4357 768 4414 docet
787 4356 853 4416 Ger.
896 4359 1031 4424 ἀπολυσιν,
1047 4363 1125 4428 σηκὸν
1138 4363 1217 4435 ἑαυτῷ
1229 4363 1304 4416 mua

353 4440 399 4499 Jo.
422 4440 540 4498 Vossius
564 4439 600 4497 de
627 4436 708 4514 Orig·
733 4445 762 4496 et
787 4438 855 4495 Pro-
937 4440 963 4494 6.
985 4435 1204 4519 τετελευτηκότος]
1236 4439 1305 4499 Cod.
1335 4439 1398 4500 MS.

352 4542 451 4597 gressu
472 4521 572 4578 Idolol.
595 4520 627 4577 II
645 4519 725 4584 xlvii,
746 4519 776 4576 in
796 4518 856 4576 Ad·
895 4529 1163 4578 τΕΛΕυιΗκοτου.

353 4604 454 4662 dendia
472 4603 507 4661 ad
526 4623 553 4679 p.
571 4604 638 4675 566,
658 4620 700 4672 τι.
745 4600 790 4658 De
803 4600 856 4657 hac
938 4614 964 4674 7.
978 4599 1101 4681 γενναῖος]
1124 4602 1252 4667 Vadidua
1266 4623 1324 4680 quo
1337 4623 1399 4662 aen-

353 4686 463 4744 rationo
484 4684 652 4760 explicandi,
669 4703 686 4739 a
704 4682 855 4746 Larahero,
896 4702 930 4740 au
943 4682 1015 4739 hano
1026 4703 1123 4741 vocem
1137 4693 1277 4761 usurpant
1290 4685 1400 4762 Sopho-

353 4767 508 4823 Memoiraa
532 4766 566 4824 de
588 4765 738 4835 Ννιιιιῗιαί,
761 4764 857 4823 Oloaae
897 4764 961 4835 oles,
985 4763 1032 4841 Aj.
1061 4768 1129 4839 938,
1154 4766 1197 4823 ad.
1222 4766 1346 4825 anck
1370 4776 1400 4826 et

354 4847 515 4905 d’lliatoire
528 4857 553 4904 ot
567 4848 600 4904 do
613 4847 789 4904 Ιιίθὲτοιιινα
803 4867 856 4903 απ·
898 4845 1064 4922 Xenophon,
1081 4846 1156 4904 Hist.
1173 4847 1223 4904 Gr.
1239 4846 1266 4906 V
1280 4848 1311 4906 iv
1327 4862 1371 4922 17.

354 4929 459 5000 σίνηαι,
474 4929 562 4986 Τοιηο
582 4929 602 4999 i,
623 4948 671 5004 pp.
690 4930 856 5000 166—307‚
939 4946 965 5001 9.
994 4925 1109 5008 διανεύει]
1146 4927 1281 4997 Clericus,
1313 4950 1400 5008 quem

355 5008 441 5066 Paria.
462 5013 547 5082 1815,
571 5009 741 5086 improbata,
759 5009 856 5067 viden·
897 5018 1055 5085 sequuntur
1075 5009 1167 5070 Hefel.
1185 5019 1215 5070 et
1231 5010 1399 5087 Droaaeliua,

354 5091 407 5147 dua
417 5090 533 5149 omnino
544 5098 586 5148 eat
596 5090 761 5153 Oreuzerua,
772 5091 855 5164 Sym·
897 5091 995 5149 mallet
1021 5093 1120 5161 δωνὺει,
1148 5092 1165 5150 i.
1194 5113 1217 5151 e.
1246 5114 1307 5152 ιυιο
1328 5116 1399 5171 pro·

355 5172 588 5247 bolik,i438aq.
896 5192 995 5246 ητωτιι
1018 5172 1126 5247 sortiar,
1155 5185 1231 5233 recta
1263 5176 1339 5234 volat
1366 5177 1400 5235 ia
