3250 6617
533 1068 680 1132 INDEX
709 1067 984 1131 norrIoNUM.
1203 1065 1277 1130 lxvii

369 1239 408 1302 In
428 1240 487 1303 hac
505 1239 652 1318 editione,
669 1248 792 1325 praeter
813 1240 874 1303 alia
895 1239 1111 1303 additamenta
1129 1238 1169 1301 ad
1191 1239 1279 1302 volu·
1293 1257 1448 1308 cremum.

327 1341 420 1406 minis
435 1343 563 1407 secundi
577 1344 702 1422 calcem,
715 1342 877 1408 Gnilielmi
897 1346 972 1426 (non
988 1341 1130 1425 Henrici)
1146 1342 1280 1418 Burton,

327 1444 435 1523 Boisii,
451 1451 484 1510 et
503 1446 625 1511 Davisii
646 1447 680 1511 in
701 1453 867 1531 utramque
888 1446 1063 1530 Epistolam
1084 1444 1279 1509 animadver-

326 1547 438 1625 siones,
453 1554 603 1633 notasque
618 1573 688 1613 suas
703 1550 816 1636 adjecit
831 1549 980 1626 Clericus,
996 1549 1079 1612 unde
1093 1571 1155 1611 non
1170 1571 1281 1631 parum

326 1649 515 1716 incommodi
543 1653 651 1717 lectori
682 1655 821 1730 affertur,
847 1653 961 1736 quippe
987 1652 1037 1715 cui
1062 1651 1221 1735 Epistolae
1245 1650 1280 1713 in

325 1762 412 1819 tomo
429 1757 530 1840 primo
549 1763 625 1821 sunt
638 1757 798 1842 legendae,
813 1756 978 1840 Notaeque
998 1756 1033 1819 in
1055 1754 1189 1820 secundo
1210 1777 1280 1838 per·

325 1864 421 1941 petuo
439 1860 638 1943 quaerendae.

243 1967 361 2050 1687‚*
375 1970 517 2048 bandini,
534 1971 552 2033 8
568 1971 643 2034 min.

370 2072 497 2136 Pnunus
517 2073 730 2150 Conouusrua
747 2072 923 2136 Sanoroftio
939 2070 1180 2155 Archiepiscopo
1199 2071 1281 2135 Can·

327 2175 476 2240 tuariensi
499 2176 770 2253 Bibliotheoarius,
788 2175 966 2260 Epistolam
987 2183 1151 2259 utramque
1173 2175 1282 2252 edidit,

327 2301 399 2341 cum
421 2280 537 2343 notulis
558 2281 676 2364 paucis,
691 2280 833 2345 versione
855 2279 1051 2343 coteleriana
1072 2277 1177 2361 priori,
1192 2277 1283 2342 alteri

326 2382 522 2447 Vendeliaua
540 2384 691 2468 apposita.
736 2382 957 2446 Praemittitur
971 2381 1138 2445 Vendelini
1157 2382 1195 2445 de
1211 2380 1281 2444 Cle-

328 2485 442 2549 mentis
478 2492 617 2570 tempore
654 2485 826 2549 Divinatio.
895 2485 1111 2569 Subjioiuntur
1146 2485 1283 2548 'l'homae

328 2587 485 2651 Brunonis
507 2588 546 2653 de
567 2588 770 2673 'l'herapcutis
791 2588 934 2653 Philonis
953 2588 1151 2666 Dissertatio,
1166 2596 1198 2652 et
1220 2588 1282 2651 fas-

327 2689 444 2754 ciculus
466 2691 680 2775 Epistolarum
705 2692 902 2776 singularum
928 2714 947 2755 a
968 2691 1062 2755 variis
1085 2691 1161 2755 viris
1182 2690 1283 2755 doctis

327 2793 523 2878 scriptarum.

246 2896 339 2978 1694,
361 2897 504 2975 bandini,
535 2897 767 2981 Repetitionem
799 2898 892 2983 hujus
924 2897 1070 2961 editionis
1104 2897 1284 2961 nesciebant

329 3000 487 3064 Fabricius
502 3007 535 3065 et
552 3001 723 3066 Harlesius.

245 3111 338 3199 1699,
353 3113 486 3194 lubrice,
504 3114 522 3176 8
538 3112 615 3177 min.

369 3216 502 3281 Trionis
519 3217 671 3295 Imrorus,
682 3216 717 3281 in
731 3217 929 3281 Bibliotheca
943 3217 1075 3280 Patrum
1085 3214 1281 3299 Apostolico-

327 3342 398 3382 rum
414 3319 675 3398 Graec0·Latina,
691 3327 856 3405 utramque
871 3321 1047 3405 Epistulam
1061 3318 1158 3395 dedit,
1173 3341 1212 3382 ex
1233 3318 1282 3381 ed.

328 3422 506 3501 Colomesii,
536 3445 608 3486 cum
637 3430 784 3488 notarum
809 3425 876 3509 ejus
901 3423 1080 3507 spicilegio,
1111 3427 1144 3485 et
1172 3420 1283 3505 prioris

327 3525 500 3590 versionem
518 3526 690 3591 lunianum
708 3549 727 3590 a
743 3526 829 3591 Fello
845 3527 1040 3604 recensitam,
1055 3525 1182 3590 alterius
1196 3525 1282 3589 Ven-

327 3629 493 3693 delianam.

370 3732 536 3797 Praemisit
557 3733 713 3798 eruditam
734 3733 772 3797 dc
794 3733 940 3796 Patribus
956 3732 1145 3817 Apostoliois
1160 3731 1282 3795 Disser-

326 3835 489 3900 tationem.

247 3945 339 4026 1718,
357 3947 573 4030 Cantabriqiue,
591 3949 620 4012 8.
638 3949 726 4033 Typia
740 3949 931 4012 Academicis.

373 4049 543 4115 Huuarcus
558 4051 700 4114 Won'ron
721 4075 738 4117 e
757 4051 836 4116 Coll.
859 4051 891 4114 S.
909 4050 930 4112 J
932 4051 1024 4114 ohan.
1040 4051 1163 4134 Evang.
1180 4052 1220 4113 A.
1234 4049 1282 4114 M.

331 4152 464 4216 MStum
485 4153 524 4217 de
545 4176 627 4218 novo
648 4155 794 4233 contulit,
817 4178 921 4239 quem,
944 4176 1041 4238 quum
1066 4153 1177 4218 unicus
1203 4159 1284 4218 esset

330 4255 447 4334 Codex,
462 4262 677 4341 praeterquam
698 4258 733 4321 in
755 4256 1041 4322 abbreviationibus
1057 4256 1283 4335 usitatioribus,

329 4380 428 4442 usqne
442 4359 481 4421 ad
495 4359 619 4422 literam
634 4366 760 4424 secutus
774 4367 833 4439 est,
846 4359 902 4424 ubi
916 4383 935 4424 a
948 4359 1073 4442 vulgari
1086 4358 1205 4422 ratione
1220 4359 1283 4423 dis-

329 4459 423 4524 cedit.
467 4461 613 4539 Textum,
628 4462 772 4545 plurimis
787 4463 821 4526 in
836 4463 911 4527 locis
927 4486 946 4526 a
961 4462 982 4523 J
983 4461 1058 4525 nnio
1073 4483 1183 4545 parum
1202 4468 1284 4528 recte

329 4563 530 4648 descriptum,
548 4565 727 4649 integritati
749 4588 822 4629 snae
844 4565 993 4629 restituit.
1039 4564 1152 4642 Notas,
1171 4563 1284 4648 quibus

328 4667 444 4751 partim
477 4668 629 4732 Bernardi
663 4668 890 4754 objectionibus
924 4669 1137 4751 respondetur,
1166 4667 1284 4751 partim

276 4864 290 4889 ⁴
306 4863 389 4923 Quum
401 4868 485 4914 antem
497 4866 551 4928 jam
562 4866 594 4914 ab
604 4882 671 4914 anno
686 4864 746 4926 ¹633
759 4866 833 4914 toties
844 4866 907 4913 istac
918 4865 1054 4914 Clementis
1064 4865 1191 4928 Epistolae
1201 4865 1282 4930 prodi·

241 4946 315 5007 erint,
329 4947 413 4996 mirari
427 4947 504 5005 subit,
516 4964 559 4996 eas
575 4949 702 4999 nonnullis
718 4948 857 5011 incognitas
872 4947 998 4996 mansisse.
1035 4947 1156 5012 Exemplo
1171 4953 1225 4996 esto
1238 4949 1283 4996 Jo-

242 5029 337 5079 bannss
348 5031 468 5091 Palatius,
481 5033 524 5095 qui
535 5032 603 5082 AB.
618 5032 678 5093 1687
691 5031 770 5080 Gesta
781 5030 932 5079 Pontificum
944 5031 1111 5079 Romanorum
1123 5030 1211 5090 edidit,
1220 5035 1246 5078 et
1256 5031 1283 5078 in

242 5113 308 5161 notis
323 5113 356 5162 ad
371 5119 443 5177 gesta
455 5113 592 5162 Clementis
607 5113 668 5162 duas
679 5113 817 5162 Clementis
828 5113 952 5175 Epistolas
965 5113 1160 5173 commemorari,
1172 5112 1216 5161 sad
1233 5127 1283 5158 non

241 5200 341 5245 exutus
352 5196 420 5258 dicit,
430 5199 489 5244 tom.
500 5196 509 5244 i
521 5211 544 5259 p.
554 5194 593 5245 26.
612 5195 777 5246 I'H'IGIUS.

1010 5277 1056 5342 ia
