3250 6617
467 1066 526 1130 DE
558 1067 590 1130 S.
615 1066 793 1130 IGNATII
823 1065 1060 1129 EPISTOLIS.
1195 1063 1281 1126 xxvii

242 1236 343 1320 cipem
365 1261 429 1300 esse
453 1239 641 1303 Graecarum
663 1239 876 1322 Epistolarum
898 1239 1088 1313 Editionem,
1116 1236 1208 1299 fidem
1236 1235 1280 1297 fa-

242 1339 331 1402 ciunt
351 1341 406 1404 illa
421 1341 674 1405 centuriatorum
689 1340 1031 1425 Magdeburgensium:
1056 1340 1148 1402 “Est
1169 1344 1201 1403 et
1223 1339 1281 1401 hoc

243 1451 264 1479 “
280 1444 504 1522 annotandum,
538 1445 621 1528 quod
653 1445 712 1508 hoc
745 1467 828 1507 anno
860 1444 941 1526 1558
972 1444 1132 1526 Epistolae
1161 1441 1282 1525 Ignatii

243 1553 264 1583 “
281 1546 416 1610 Graecae
436 1548 501 1610 sint
518 1548 683 1631 impressae
703 1554 735 1611 et
755 1546 940 1631 publicatae,
956 1569 1034 1631 quae
1055 1547 1206 1610 hactenus
1228 1568 1283 1628 per

243 1648 399 1732 “aliquot
420 1650 540 1714 saecula
562 1650 756 1713 latuerunt.'’
802 1650 906 1714 Quare
929 1649 1102 1714 Duodecim
1124 1648 1282 1732 Epistolae

243 1757 317 1814 ante
331 1774 350 1813 a
366 1752 542 1835 Stapulensi
558 1760 614 1817 aut
629 1753 815 1836 Champerio
831 1753 954 1829 Latine,
971 1776 1054 1816 nunc
1075 1776 1093 1816 a
1108 1753 1224 1816 Pacaeo
1244 1775 1282 1816 ex

244 1855 431 1937 Augustano
446 1856 593 1939 primum,
609 1856 682 1920 dein
696 1880 715 1920 a
730 1856 868 1933 Gesnero
883 1879 900 1919 e
915 1856 1157 1940 Nydprucoiano
1179 1855 1282 1918 codice

244 1956 346 2020 editae
368 1965 452 2022 sunt.

289 2059 396 2124 Quum
413 2063 480 2145 jam
500 2061 619 2126 Graeca
641 2062 829 2146 exemplaria
849 2068 1018 2140 exstarent,
1033 2062 1127 2145 primi
1142 2061 1282 2125 omnium
1294 2072 1431 2122 Censori-t.

244 2162 476 2228 Centuriatores
487 2165 727 2249 Magdeburgici
740 2165 928 2248 suspiciones
943 2188 1024 2241 suas,
1037 2165 1091 2227 sed
1102 2171 1192 2227 caute
1206 2162 1282 2226 satis
1294 2138 1363 2268 birg.
1374 2154 1400 2187 ⁰'

245 2266 460 2351 moderateque
482 2275 717 2352 proposuerunt.
768 2268 950 2332 Quinetiam
972 2266 1080 2330 statim
1101 2265 1207 2350 gravis
1228 2265 1283 2328 illa

244 2367 376 2429 loannis
392 2368 515 2432 Caluini
531 2392 658 2434 censura
678 2369 805 2454 prodiit,
821 2369 874 2432 lib.
887 2370 897 2432 i
913 2392 979 2453 cap.
993 2390 1012 2455 3
1029 2367 1281 2444 Institutionum,
1294 2376 1388 2426 Calvia

239 2471 307 2554 jam
333 2477 400 2534 tum
428 2471 460 2534 in
485 2472 725 2536 commodiorem
752 2473 884 2536 formam
909 2473 1103 2535 redacturum
1115 2497 1124 2547 ;
1155 2469 1282 2533 “Nihil

245 2581 266 2610 “
282 2573 400 2637 naeniis
418 2573 490 2651 illis,
505 2598 583 2658 quae
606 2576 663 2638 sub
679 2574 800 2659 Ignatii
822 2574 948 2637 nomine
967 2573 1068 2638 editae
1090 2580 1175 2649 sunt,
1198 2572 1281 2656 puti-

245 2683 266 2712 “
281 2674 362 2738 dius.
407 2676 478 2740 Quo
496 2677 600 2739 minus
621 2678 789 2741 tolerabilis
812 2683 860 2741 est
881 2699 989 2740 eorum
1009 2675 1213 2758 impudentia,
1229 2675 1283 2759 qui

245 2778 397 2842 “talibus
418 2779 512 2844 larvis
534 2780 573 2842 ad
594 2780 765 2843 fallendum
787 2802 819 2842 se
840 2779 1034 2843 instruunt.’'
1080 2778 1132 2841 Ita
1153 2777 1205 2841 ille
1227 2801 1282 2860 pro

245 2904 329 2944 more
351 2906 406 2946 suo
428 2883 540 2946 acriter
560 2883 636 2947 satis
659 2891 691 2946 et
711 2883 858 2947 animose.
904 2883 1004 2946 “Nec
1025 2889 1132 2945 tamen
1152 2881 1283 2945 offendit

245 2984 448 3047 “Calvinum
471 2985 627 3069 Ignatius,
651 2987 704 3049 sed
730 2985 753 3048 ii
777 2986 831 3069 qui
855 2986 1020 3069 Ignatium
1045 2983 1282 3066 corruperunt,’'

244 3086 349 3170 inquit
364 3088 513 3152 Rivetus:
536 3088 756 3152 auctoritatem
770 3088 854 3151 enim
870 3087 991 3171 Ignatii
1012 3086 1111 3171 rejicit
1133 3086 1172 3148 ab
1188 3086 1281 3148 Anti·
1295 3094 1406 3143 Rivetus

244 3189 408 3253 trinitariis
433 3191 597 3275 objectam,
620 3215 658 3255 ex
680 3192 822 3275 Epistola
843 3191 909 3254 sine
931 3191 1025 3254 dubio
1047 3190 1086 3252 ad
1108 3189 1281 3267 Tarsenses,

245 3316 323 3376 quae
342 3317 397 3377 pro
412 3295 550 3376 genuina
570 3318 633 3359 non
653 3295 853 3379 agnoscitur;
876 3300 909 3358 et
925 3293 1204 3377 Quadragesimam
1226 3292 1282 3356 ali-

245 3418 338 3478 asque
353 3397 536 3461 traditiones
556 3398 674 3482 objicit,
690 3422 767 3482 quae
787 3398 820 3460 in
843 3397 1029 3461 assumentis
1049 3403 1175 3458 tantum
1196 3395 1282 3458 inve-

245 3498 384 3562 niuntur.

288 3584 374 3665 'lum'
381 3603 543 3666 Marianus
558 3604 716 3667 Victorius
731 3605 764 3666 in
781 3605 813 3666 S.
827 3602 1075 3688 Hieronymum:
1092 3611 1112 3639 “
1125 3599 1428 3684 Ignatius,victo1÷u·‚

246 3705 342 3767 “Vir
363 3706 572 3788 Apostolicua
595 3707 718 3789 scripsit
739 3707 860 3770 litteras
882 3706 922 3769 ad
947 3705 1185 3768 sacratissimam
1208 3704 1281 3766 Vir·
1339 3686 1405 3738 '⁵⁷⁹

247 3814 267 3842 “
282 3806 401 3889 ginem,
423 3807 483 3870 Dei
505 3806 690 3889 genitricem
712 3807 857 3883 Mariam,
873 3812 905 3870 et
927 3807 1002 3870 alias
1024 3828 1102 3889 quae
1123 3806 1281 3869 exstant.”

247 3910 294 3972 Ac
323 3910 432 3973 statim
458 3909 553 3972 etiam
578 3932 616 3973 ex
642 3909 773 3973 Lutheri
801 3909 915 3973 Schola
944 3909 1070 3972 celebris
1095 3908 1282 3990 Theologus,

248 4012 406 4076 Martinus
422 4012 629 4091 Chemnitius,
649 4013 683 4076 in
702 4013 855 4076 Examine
875 4013 1006 4076 Consilii
1021 4011 1206 4088 Tridentini,
1226 4011 1281 4073 ha·
1295 4020 1409 4098 thmni·

247 4137 317 4176 rum
336 4115 547 4198 Epistolarum
568 4114 756 4179 testimoniis
778 4138 868 4198 saepe
890 4113 1001 4191 utitur,
1022 4114 1125 4197 eisque
1147 4115 1283 4177 multum
1296 4094 1352 4144 ‘¹¹¹⁸'
1367 4083 1434 4147 ¹⁵⁷⁶'

246 4216 367 4280 tribuit.
435 4218 497 4280 Sed
529 4217 602 4281 alibi
633 4241 696 4281 non
730 4217 796 4280 sine
825 4238 955 4279 censura
983 4215 1099 4292 laudat,
1129 4215 1283 4298 inquiens,

247 4320 520 4382 “transformatae
542 4320 689 4382 videntur
711 4319 743 4380 in
769 4318 878 4381 multis
901 4317 975 4380 locis
999 4317 1038 4379 ad
1062 4316 1283 4379 stabiliendum

247 4426 402 4484 “statum
426 4423 515 4504 regui
540 4421 722 4484 Pontificii”
740 4423 794 4485 &c
841 4421 964 4483 Primus
987 4421 1071 4483 enim
1095 4419 1282 4496 observavit,

245 4524 347 4587 locum
361 4549 399 4590 ex
415 4525 556 4609 Epistola
569 4525 608 4587 ad
625 4525 811 4609 Smyrnaeus
828 4525 960 4587 citatum
975 4546 994 4585 a
1007 4523 1211 4598 Theodoreto,
1228 4546 1283 4586 nec

247 4627 278 4689 in
307 4627 433 4691 Graecis
460 4628 626 4692 Codicibus
652 4650 708 4691 nec
734 4628 767 4690 in
792 4627 915 4690 Latinis
940 4625 1075 4709 reperiri,
1099 4625 1240 4708 quamvis
1265 4650 1284 4688 a

247 4728 415 4792 Guilielmo
430 4729 612 4792 Widel'ordo
628 4729 742 4812 pariter
757 4730 872 4793 citatus
887 4730 929 4792 sit
937 4756 947 4805 3
970 4735 1002 4792 et
1017 4728 1083 4792 locu
1097 4728 1231 4812 plurima
1245 4752 1282 4793 ex

246 4833 433 4916 Apostolicis
455 4833 742 4896 Constitutionibus
766 4833 915 4916 Epistolis
938 4832 1057 4916 Ignatii
1080 4856 1144 4896 esse
1167 4841 1281 4896 assuta.

245 4997 304 5044 locis
320 4998 453 5045 admodum
471 4998 546 5045 infida
563 5004 638 5062 atque
656 4999 752 5057 mutila)
770 5015 821 5046 una
837 5015 893 5046 cum
910 4999 1025 5047 brevibus
1042 4998 1152 5061 ejusdem
1165 4998 1283 5046 Vairlenii

246 5079 357 5138 Scholiis,
371 5096 402 5127 ex
414 5079 574 5128 Plautiniana
589 5081 705 5129 Editiouc
722 5081 747 5128 in
764 5082 846 5129 varias
860 5080 1028 5129 Bibliothecae
1040 5081 1143 5129 Patrum
1157 5080 1284 5128 Editionea

247 5162 357 5222 (Parisiis
369 5168 395 5209 ct
406 5162 523 5210 Coloniae
536 5167 648 5225 excusas)
661 5169 747 5226 postca
758 5164 874 5211 traducta
885 5171 929 5211 cst.
949 5163 1065 5212 UssElr.

736 5244 791 5309 (12
