3250 6617
368 1055 412 1122 36
738 1058 770 1121 S.
787 1056 1044 1121 CLEMENTIS

368 1261 433 1327 μεν
449 1233 497 1314 εἷς
516 1227 558 1309 τὸ
579 1227 666 1328 αἷμα
691 1239 755 1310 τοῦ
783 1236 958 1335 Χριστοΐα
979 1231 1050 1336 [καὶ
1077 1229 1218 1336 ἵδ]ωμεν
1236 1232 1284 1314 ὡς
1310 1229 1412 1309 ἔστιν

367 1358 482 1455 τίμιον
513 1362 564 1465 τῷ
593 1363 674 1465 Θεῷ
704 1357 816 1465 [αἷμα]
845 1361 964 1456 αὐτοῦ,
986 1358 1039 1439 ὅτι
1067 1357 1125 1437 διὰ
1150 1355 1217 1457 τὴν
1241 1356 1413 1460 ἡμετέραν

369 1486 575 1590 [οοντ]ηρίαν
610 1487 754 1592 ε’ῳθέν
789 1488 897 1567 παντὶ
936 1491 987 1593 τῷ
1028 1485 1191 1592 κό[σμ]ῳ
1226 1483 1413 1581 μετανοίας

367 1609 470 1716 χάριν
498 1611 703 1714 ιἠτῆνεγκεν.
763 1613 1017 1719 [Ανέλῆωμεν
1038 1616 1086 1696 εἷς
1107 1610 1171 1696 τὰς
1191 1610 1313 1712 γενεὰς
1338 1609 1409 1690 πά·

367 1774 447 1837 σας,
479 1742 548 1845 [καὶ
586 1739 857 1846 κα]ταμάθωμεν
886 1740 939 1820 ὅτι
976 1743 1013 1820 ἐν
1050 1742 1152 1847 γενεᾷ
1189 1740 1272 1845 [καὶ]
1309 1743 1444 1845 γενεᾷ5

366 1869 550 1964 μετανοίας
570 1868 681 1948 τόπον
702 1868 893 1975 &odelerio
919 1867 1111 1968 Δεσπότης
1134 1873 1207 1952 τοῖς
1233 1864 1409 1963 βουλομέ-

366 2145 437 2203 illud
452 2146 525 2205 Heb.
542 2148 584 2204 xii
600 2166 625 2219 ο,
638 2148 759 2225 ideoque
770 2168 868 2207 veram

366 2309 483 2386 vulgata
510 2311 580 2368 mihi
601 2311 783 2370 verisimilior
809 2331 870 2370 esse

366 2390 488 2464 videtur,
503 2400 603 2469 utpote
617 2392 702 2469 longe
717 2393 812 2470 aptior
832 2393 869 2450 ad

367 2554 609 2631 adimplendum;
649 2564 736 2632 atque
770 2556 870 2614 eadem

367 2635 464 2712 phrasi
498 2638 592 2695 utitur
619 2637 758 2709 Clemens,
787 2638 868 2709 infra,

369 2717 384 2792 ξ
407 2717 445 2775 lx.
471 2719 633 2788 Ἀτενίζωμεν
653 2718 739 2778 habet
759 2719 868 2790 Rullus,

368 2799 416 2874 qui
444 2799 519 2856 huuc
545 2799 640 2858 locum
669 2800 705 2857 ad
733 2802 870 2875 ὑπήνεγκεν

368 2878 450 2938 affert
465 2881 564 2938 Exam.
581 2881 665 2939 Ceus.
681 2881 817 2959 Respons.
832 2881 869 2938 ad

368 2959 518 3019 Animadv.
530 2962 569 3019 vii
584 2968 597 3033 t
612 2981 656 3034 24.
680 2962 797 3057 Operae
805 2983 869 3040 pre-

368 3042 442 3100 tium
464 3051 507 3101 est
521 3045 607 3101 verba
628 3045 724 3121 magni
744 3045 798 3102 viri
820 3065 869 3122 ap-

367 3142 481 3235 ponere.
524 3125 640 3202 ‘Digna
662 3125 732 3183 mihi
757 3146 870 3203 semper

368 3205 451 3262 ‘visa
464 3221 531 3264 sunt
543 3205 613 3263 haec
625 3207 720 3279 verba,
735 3227 806 3284 quae
820 3228 869 3265 au-

368 3286 447 3344 ‘reis
461 3287 553 3346 literis
570 3294 731 3358 exarentur,
746 3295 832 3365 atque
852 3309 870 3346 a

369 3370 474 3426 ‘verae
487 3367 658 3446 Theologiae
676 3369 810 3427 studiosis
824 3390 870 3428 ae-

369 3452 488 3507 ‘ternae
506 3450 660 3508 memoriae
676 3451 849 3509 mandentur
861 3473 870 3524 3

370 3533 493 3608 ‘utpote
517 3551 589 3609 quae
616 3532 741 3590 maxime
768 3533 868 3609 genui-

909 2154 964 2207 ‘ut
988 2147 1083 2225 quivis
1109 2148 1163 2206 sub
1190 2146 1355 2205 conditione
1381 2155 1413 2203 et

366 2227 517 2287 lectionem
531 2249 592 2287 esse
601 2231 759 2303 Ἀφορῶμεν.
782 2229 869 2289 Certe
909 2235 916 2262 ‘

930 2230 993 2307 lege
1025 2229 1217 2305 poenitentiae
1251 2249 1269 2286 a
1301 2229 1412 2305 peceati

909 2316 1012 2369 ‘reatu
1025 2311 1140 2369 liberari
1157 2309 1255 2387 possit
1301 2328 1325 2367 2.
1342 2308 1412 2366 Non

909 2393 1064 2450 ‘obstante
1083 2390 1276 2450 satisfactione
1292 2390 1412 2454 Christi,

367 2473 492 2548 spatium
513 2474 628 2532 lacunae
649 2474 679 2531 in
696 2474 766 2533 Cod.
782 2474 869 2533 MSto
910 2480 917 2507 ‘

910 2561 919 2588 ‘
932 2555 1128 2632 deputandum
1137 2575 1205 2622 esse,
1215 2554 1292 2631 quod
1302 2553 1413 2612 homini

910 2636 1074 2713 ‘peccatori
1087 2635 1280 2713 poenitentiae
1301 2638 1414 2712 copiam

911 2718 1079 2795 ‘largiatur,
1093 2717 1148 2790 vel,
1169 2726 1203 2776 ut
1222 2737 1291 2774 mox
1310 2737 1340 2774 se
1362 2736 1413 2775 ex-

911 2804 918 2831 ‘
932 2799 1019 2877 plioat
1034 2799 1174 2872 Clemens,
1187 2801 1320 2869 μετανοίας
1334 2803 1415 2854 τόπον

910 2881 1076 2952 ‘concedat
1097 2880 1152 2939 hoo
1171 2889 1223 2952 est,
1237 2879 1413 2945 credentem,

910 2965 961 3021 ‘et
988 2962 1024 3020 de
1051 2962 1174 3038 peccatis
1206 2961 1413 3041 poenitentiam

910 3048 1064 3121 ‘agentem
1091 3043 1257 3101 remissione
1279 3052 1412 3120 peccato·

910 3128 996 3183 ‘rum
1023 3126 1106 3183 beare
1133 3125 1210 3183 velit.
1254 3125 1325 3183 Ideo
1351 3124 1412 3182 scil.

911 3211 919 3238 ‘
932 3211 1062 3277 μετανοίας
1073 3209 1149 3282 χάριν
1161 3206 1245 3276 dixit,
1255 3215 1290 3266 ut
1302 3206 1412 3284 gratul-

911 3293 918 3320 ‘
931 3296 995 3346 tum
1006 3287 1061 3346 Dei
1075 3299 1172 3346 actum
1186 3288 1216 3345 in
1229 3288 1282 3346 hoe
1296 3287 1415 3365 negotio

911 3370 1115 3446 ‘exprimeret
1164 3368 1229 3428 Hoc
1251 3389 1320 3428 vero
1341 3369 1413 3427 illud

911 3451 1026 3527 ‘ipsum
1047 3461 1098 3522 est,
1118 3451 1195 3528 quod
1215 3451 1344 3523 dicimus,
1358 3469 1411 3528 po-

911 3533 990 3591 ‘sita
1008 3532 1200 3591 satisfactione
1224 3531 1341 3604 Christi,
1365 3551 1412 3591 re·

932 2473 1041 2551 gratiae
1068 2482 1098 2532 et
1124 2472 1334 2531 misericordiae
1357 2471 1413 2529 Dei

369 3615 457 3669 ‘nam
476 3613 675 3673 satisfactionis
690 3613 798 3673 Christi
819 3635 869 3672 uo·
911 3614 1096 3672 ‘missionem
1129 3622 1312 3691 peccatorum
1352 3633 1413 3672 esse

369 3693 499 3752 ‘tionem
523 3695 559 3752 ab
576 3695 782 3772 Apostolorum
803 3720 869 3767 συμ-
910 3694 1106 3771 ‘gratuitam'

370 3776 478 3846 ‘piam
500 3776 671 3853 explicatam
695 3778 867 3837 contineant
953 3797 977 3834 ν.
992 3783 1028 3854 τῷ
1042 3783 1098 3853 θεῷ
1116 3772 1203 3856 [αἷμα]
1216 3779 1293 3832 αὐτοῦ
1327 3775 1414 3835 Melit

369 3855 428 3913 ‘In
452 3858 594 3934 praesenti
616 3878 674 3917 non
698 3867 781 3918 vacat
798 3859 870 3917 mihi
911 3857 1045 3916 Bleekius
1064 3863 1101 3934 τῷ
1121 3863 1178 3934 Θεῷ
1197 3859 1293 3932 [Ποερὶ
1326 3861 1412 3924 αὑτοῦ,

370 3938 540 3997 ‘ostendere
540 3959 648 4016 ,quam
667 3940 761 3998 hoc
734 3941 788 3998 vui
802 3960 870 4017 apo
910 3959 996 4016 quam
1023 3939 1216 4015 conjecturam
1242 3938 1273 3996 in
1297 3946 1413 3998 textum

369 4019 484 4078 ‘stolioi
518 4021 715 4080 testimonium
755 4041 869 4080 omnem
910 4020 1026 4080 admisit
1046 4019 1212 4078 Dresselius
1256 4019 1413 4094 S.Petrus,

369 4103 613 4160 ‘controversiam
645 4103 743 4180 paucis
775 4104 871 4162 verbis
911 4102 1032 4180 lEpist
1052 4121 1064 4159 1
1082 4120 1127 4176 19,
1125 4089 1275 4178 appellat
1295 4102 1411 4180 sangui-

370 4185 378 4212 ‘
392 4181 508 4240 dirimat
522 4184 558 4241 ds
578 4182 769 4242 satisfactione
788 4183 870 4243 Chri-
910 4203 977 4242 uem
991 4183 1110 4242 Domini
1122 4182 1214 4242 nostri
1222 4182 1242 4241 J
1243 4201 1293 4241 esu
1304 4182 1413 4243 Christi

370 4274 377 4294 ⁴
393 4263 439 4331 sti,
454 4264 508 4321 ads
510 4284 588 4322 ersus
598 4265 682 4323 tum
673 4265 778 4342 impios
792 4265 871 4324 Soci-
909 4270 991 4338 τίμιον
1003 4263 1070 4337 αἷμα

370 4345 489 4417 ‘nistas,
513 4353 576 4404 tum
598 4345 676 4412 alios,
699 4347 748 4424 qui
773 4347 871 4406 Socini
953 4367 979 4418 4.
998 4342 1276 4426 [Ἀνε’λθ]ομενεὶε
1248 4370 1294 4405 ros
1309 4348 1411 4422 γενεὰς]

370 4426 568 4503 ‘Charybdim
589 4428 713 4486 vitantes
736 4428 766 4485 in
791 4428 870 4506 Scyl·
911 4428 1194 4505 Itapro'smloopw
1202 4426 1413 4505 reposrdtWot·

370 4508 449 4565 ‘lam
463 4508 538 4566 haud
555 4517 632 4567 certe
648 4509 743 4567 minus
761 4511 870 4587 pericu-
911 4518 1094 4587 tonus,quem
1101 4507 1411 4585 sequiturGullsndius

369 4589 481 4647 ‘losem
510 4591 680 4649 inciderunt.
743 4591 872 4650 Prudens
912 4591 1008 4663 Recte,
1022 4598 1055 4649 ut
1069 4589 1140 4647 mihi
1152 4590 1287 4662 videtur3
1300 4591 1412 4648 ἀνέλθο-

370 4671 481 4729 ‘lector
500 4672 570 4731 illud
590 4693 642 4749 per
663 4693 693 4731 se
711 4673 871 4750 intelligere
910 4697 957 4744 μεν
972 4672 1048 4731 enim
1062 4671 1108 4730 rel
1128 4673 1235 4743 ἀνίωμεν
1254 4670 1346 4749 magis
1365 4690 1414 4729 ac·

370 4753 468 4828 ‘potis
489 4755 551 4812 erit.
595 4755 661 4811 Duo
674 4762 788 4812 tantum
803 4755 871 4813 inde
911 4753 1094 4812 commodum
1107 4760 1151 4812 est
1163 4759 1208 4830 τῷ,
1220 4755 1256 4811 εἶτ
1268 4754 1314 4811 τὰς
1325 4756 1415 4827 γενεὰν

371 4835 503 4910 ‘colligo
529 4855 601 4912 quae
628 4836 665 4893 ad
691 4836 871 4914 propositum
911 4840 997 4894 πάσας
1010 4836 1154 4912 qusejsm
1167 4833 1339 4910 praeteritae
1351 4833 1414 4893 fue·

371 4918 523 4973 ‘nostrum
543 4937 628 4993 quam
648 4918 772 4976 maxime
789 4938 870 4995 speo-
912 4926 997 4982 runt;
1011 4924 1040 4976 et
1048 4916 1280 4993 supplementum
1287 4914 1415 4993 quinque

371 5001 474 5068 ‘tant;
503 5017 526 5054 1.
543 4998 770 5058 Setisfactionem
785 4999 868 5059 Chri·
911 4999 1058 5058 literumm
1072 4998 1156 5075 louge
1170 4996 1273 5055 melius
1285 5016 1352 5055 cum
1372 4996 1414 5054 ls-

370 5077 428 5135 ‘sti
453 5079 596 5138 neminem
620 5080 683 5157 ipso
704 5082 779 5140 facto
799 5081 871 5140 libo·
911 5100 1000 5140 cuuae
1013 5079 1107 5157 spetio
1117 5078 1258 5156 congruit
1272 5079 1416 5150 Ἀναβῦμσ

371 5163 377 5190 ‘
392 5179 463 5231 rare,
476 5160 527 5218 sed
540 5160 611 5219 illud
625 5168 739 5220 tantum
752 5163 870 5236 efficere,
912 5163 948 5222 de
960 5182 1013 5222 suo
1026 5160 1145 5221 dederat
1158 5159 1299 5219 Davisius.
