3250 6617
407 1076 494 1140 lxxiv
741 1077 886 1141 INDEX
916 1078 1190 1142 EDITIONUM.

242 1250 363 1315 Inscius.
410 1250 502 1331 1647,
517 1250 659 1327 bandini,
673 1272 703 1333 4.

550 1353 717 1432 UssnnruS,
733 1353 766 1416 in
782 1352 964 1437 Appendice
982 1353 1162 1437 Ignatiana,
1177 1357 1302 1415 textum
1317 1353 1449 1418 Vossia-

490 1477 567 1519 num
589 1456 797 1520 recudendum
820 1455 951 1532 curavit,
974 1478 1046 1519 cum
1071 1454 1329 1539 interpretatione
1351 1478 1450 1535 nova,

488 1565 653 1644 postquam
687 1559 845 1643 Epistulas
879 1559 1081 1642 interpolatas
1112 1558 1229 1622 Graece
1265 1565 1298 1623 et
1330 1558 1450 1624 Latine

489 1670 582 1727 antea
600 1663 788 1747 evulgasset,
805 1686 877 1727 cum
892 1662 1022 1726 eruditis
1038 1661 1283 1746 Prolegomenis,
1298 1665 1446 1729 Annota-

488 1766 637 1842 tionibus,
653 1773 685 1830 et
699 1766 901 1830 sinceriorum
915 1764 1013 1829 veteri
1024 1765 1174 1830 versione.
1191 1764 1293 1831 Oxon.
1308 1766 1404 1848 1644,
1413 1788 1445 1848 4

408 1879 444 1940 16
446 1892 498 1961 50,
513 1878 654 1942 londini.
683 1877 757 1961 (vid.
774 1900 877 1961 supra,
892 1901 923 1961 p.
933 1877 1010 1960 lxv.)

531 1982 682 2058 Ronsrus,
697 1981 777 2065 Epp.
799 1981 840 2044 ad
859 1980 942 2063 Eph.
962 1979 1075 2065 Magn.
1096 1978 1191 2043 l'rall.
1208 1980 1300 2044 Rom.
1317 1978 1444 2044 Philad.

486 2090 519 2148 et
546 2083 670 2167 Smyrn.
695 2089 833 2146 curtatas
859 2088 892 2145 et
915 2087 1077 2146 truncatas
1104 2081 1218 2146 [utine
1247 2081 1355 2146 edidit.
1387 2105 1444 2167 pp.

489 2204 622 2271 13-21.
883 2249 885 2257 .

404 2306 494 2386 1672,
510 2306 651 2382 Parisiis,
666 2305 719 2369 fol.
740 2305 814 2389 (vid.
831 2328 934 2389 supra,
950 2329 980 2389 p.
993 2305 1081 2388 lxvi.)

528 2409 579 2472 Jo.
596 2408 691 2472 Baro.
709 2409 905 2472 Coonnnarus
920 2408 1077 2492 Epistolas
1091 2407 1244 2492 genuinas
1258 2410 1299 2473 ab
1316 2408 1442 2474 adulte-

485 2510 572 2590 ratis,
596 2519 741 2597 utrasque
764 2535 784 2575 a
806 2510 1014 2595 supposititiis
1039 2510 1215 2589 distinctas,
1238 2511 1322 2575 inter
1347 2534 1381 2577 ss
1408 2519 1444 2577 et

485 2636 556 2678 cum
571 2615 708 2701 antiquis
723 2614 917 2678 versionibus
932 2613 1076 2690 contulit,
1085 2613 1343 2697 interpretatione
1357 2636 1444 2679 nova

485 2717 623 2794 donavit,
639 2723 672 2781 ct
686 2717 941 2780 annotationibus
955 2716 1136 2780 illustravit.

402 2834 494 2918 1698,
509 2835 699 2916 Antoerpioe,
714 2834 767 2897 fol.

527 2939 547 2998 J
549 2956 578 3000 ο.
595 2938 752 3002 Cnnmcus
770 2937 853 3002 notis
869 2937 1027 3016 Cotelerii,
1042 2937 1323 3002 animadversiones
1339 2939 1438 3003 Usse-

483 3041 521 3104 rii
547 3047 579 3104 ct
601 3041 716 3118 Vossii‚
739 3041 964 3124 Prolegomena
989 3041 1120 3118 Usserii‚
1143 3064 1265 3106 necnon
1289 3041 1439 3106 Pearsoni

482 3142 643 3207 Vindicias
661 3142 834 3228 subjunxit.

400 3277 491 3343 1724,
506 3264 742 3342 Annonariam,
757 3263 811 3327 fol.

525 3365 564 3428 In
588 3367 646 3431 bac
672 3367 806 3430 secunda
829 3366 976 3430 Editione
1000 3367 1138 3432 Clericus
1159 3374 1284 3443 textum
1310 3367 1369 3451 Ep.
1394 3369 1436 3432 ad

480 3469 638 3533 Romanos
660 3477 692 3534 et
713 3473 865 3534 Actorum
888 3469 1037 3554 Martyrii
1060 3470 1191 3534 subinde
1212 3469 1359 3548 refinxit;
1390 3471 1435 3535 ei-

480 3571 611 3654 demque
632 3578 725 3655 prout
747 3572 807 3635 sibi
829 3571 923 3635 libuit
946 3572 1114 3637 immutato
1136 3596 1225 3636 suam
1247 3572 1434 3657 interpreta-

479 3675 598 3738 tionem
612 3675 734 3759 sdjecit.
781 3675 898 3738 Smithi
921 3676 1090 3740 editionem
1110 3676 1219 3740 eadem
1236 3676 1433 3760 negligentia

477 3776 637 3861 praeteriit
656 3800 717 3862 qua
737 3778 770 3841 in
786 3777 948 3841 Clemente
969 3778 1087 3843 edendo
1106 3801 1194 3842 curas
1209 3778 1433 3844 Wottonianas

477 3879 604 3964 insuper
618 3879 778 3944 habuerat.

395 4000 486 4085 1689,
501 4001 644 4078 Parisiis,
659 4021 690 4081 4.

517 4104 742 4168 Turonomcns
772 4104 971 4183 Romanam,
998 4105 1164 4190 Presbyter
1192 4111 1225 4168 ct
1254 4105 1431 4169 Monachus

477 4206 699 4270 Benedictinus
728 4229 745 4269 e
774 4207 1029 4291 Congregatioue
1054 4208 1086 4270 S.
1104 4207 1221 4284 Mauri,
1245 4207 1285 4271 ad
1314 4207 1429 4272 calcem

474 4309 547 4373 libri
561 4311 645 4372 Acta
659 4307 834 4372 Primorum
851 4308 1031 4392 Martyrum
1049 4308 1175 4371 Sincera
1193 4313 1225 4371 et
1241 4306 1363 4372 Selecta
1379 4308 1429 4372 in·

474 4413 593 4497 scripti,
608 4411 725 4496 publici
741 4411 822 4496 juris
845 4410 919 4475 fecit
934 4410 1108 4494 Epistolam
1124 4411 1164 4474 ad
1180 4410 1338 4474 Romanos
1352 4433 1429 4495 qua-

473 4518 533 4580 lem
556 4516 589 4579 in
613 4516 688 4579 cod.
714 4515 894 4579 Colbertino
918 4513 1050 4591 invenit,
1076 4536 1147 4577 cum
1173 4536 1256 4578 nova
1277 4514 1430 4593 versione,

474 4643 571 4703 quum
585 4625 721 4683 veterem
741 4617 1031 4701 interpretationem
1048 4619 1114 4701 jam
1138 4639 1193 4680 suo
1215 4616 1283 4681 loco
1305 4616 1338 4680 in
1354 4616 1428 4681 Col·

473 4723 638 4786 lectionem
653 4724 718 4806 ejus
733 4722 915 4785 inseruerat.
932 4744 983 4804 pp.
998 4720 1178 4806 695-708.

390 4857 482 4940 1699,
498 4856 629 4937 Inprioe,
647 4856 664 4919 8
681 4856 757 4920 min.
778 4855 853 4938 (vid.
869 4878 973 4939 supra,
988 4879 1018 4939 p.
1033 4855 1133 4938 lxvii.)
1342 4927 1344 4930 .

514 4960 647 5023 'lucras
663 4959 803 5023 Irnoms
819 4959 976 5042 Epistolas
999 4963 1118 5043 septem
1140 4958 1228 5022 dedit
1245 4981 1317 5022 cum
1332 4958 1427 5024 Cote-

472 5062 539 5125 lerii
555 5067 587 5126 et
599 5062 745 5125 Ruinarti
756 5062 959 5126 versionibus.
985 5062 1226 5146 Subsequuntur
1239 5060 1427 5147 interpreta-

471 5168 515 5229 tio
527 5166 666 5249 antiqua,
679 5174 710 5230 ct
723 5167 891 5250 Epistulae,
904 5175 972 5230 tum
985 5167 1199 5250 interpolatae,
1211 5174 1282 5230 tum
1293 5167 1424 5252 spuriae.
