3250 6617
526 1850 972 1952 MONITUM.

232 2333 322 2449 UT
346 2375 393 2450 ad
416 2374 510 2447 hanc
526 2374 622 2447 Aevi
639 2371 845 2472 Apostolici
861 2381 1181 2445 monumentorum
1198 2370 1272 2445 edi-

229 2499 368 2573 tionem
398 2497 646 2572 adomandam
675 2523 733 2571 me
764 2496 996 2595 accingerem,
1026 2505 1153 2568 auctor
1180 2493 1273 2568 mihi

229 2623 303 2696 fuit·
323 2621 520 2697 Edvardus
542 2622 696 2709 Burton,
719 2620 782 2696 SS.
801 2619 1020 2720 Theologiae
1045 2646 1163 2719 nuper
1186 2619 1274 2692 Pro-

229 2749 344 2822 fessor
361 2748 512 2848 Regius,
529 2748 585 2821 vir
610 2746 642 2822 si
662 2749 746 2848 quis
769 2748 865 2822 alius
887 2748 933 2822 de
957 2746 1062 2821 bonis
1084 2745 1210 2832 literis,
1228 2744 1274 2819 dc

230 2872 432 2946 Academia
465 2881 600 2959 nostra,
629 2871 675 2945 de
710 2871 871 2946 Ecclesia
901 2871 1104 2971 Anglicana
1137 2870 1274 2968 optime

230 2998 408 3088 meritus;
435 2998 540 3096 cujus
560 3007 600 3071 et
619 2997 813 3071 memoriae
834 2995 1024 3070 dulcedine
1048 3005 1088 3069 et
1104 2994 1275 3068 desiderii

232 3122 431 3197 acerbitate
464 3123 629 3197 imbutus
661 3149 740 3197 esse
774 3122 917 3196 animus
949 3147 1053 3194 meus
1085 3145 1275 3219 nunquam

143 3292 146 3297 ·
231 3247 382 3322 desinet.
435 3246 506 3321 Oui
531 3246 691 3346 profecto
719 3248 749 3321 si
774 3247 853 3321 vita
877 3245 1086 3320 diuturnior
1108 3269 1276 3318 concessa

231 3372 373 3460 fuisset,
398 3372 494 3446 votis
522 3373 613 3446 meis
643 3400 740 3447 nunc
768 3372 916 3446 demum
945 3370 1037 3444 liber
1065 3369 1195 3443 melius
1220 3394 1274 3442 re·

233 3496 439 3596 sponderet,
464 3496 638 3571 lectorum
668 3495 866 3572 oommodis
896 3505 935 3569 et
958 3494 1116 3569 utilitati
1145 3493 1275 3567 melius

233 3622 434 3697 inserviret.

134 3947 137 3952 ,
283 3869 345 3944 Ad
370 3879 499 3944 textus
526 3868 768 3942 recensionem
795 3867 894 3967 quod
919 3876 1072 3966 spectat,
1095 3866 1276 3940 Ecclesiae

236 3995 467 4094 Smyrnensis
505 3993 709 4094 Epistolam
751 3993 783 4067 si
826 3992 994 4091 excipias,
1031 4018 1145 4067 novos
1187 4017 1278 4092 quos

234 4120 372 4194 adirem
402 4119 569 4194 lectionis
603 4119 723 4192 fontes
756 4145 830 4193 non
864 4118 984 4192 habui.
1037 4117 1168 4211 Quoad
1196 4116 1276 4192 Gle-

234 4254 396 4320 mentem
417 4244 635 4331 Romanum,
655 4243 782 4319 Codex
799 4243 1074 4318 Alexandrinus
1097 4243 1137 4315 in
1157 4241 1278 4315 Musei

236 4368 438 4442 Britannici
465 4365 695 4442 Bibliotheca
723 4377 868 4466 praesto
902 4367 975 4441 fuit
1000 4392 1110 4465 quem
1143 4391 1209 4464 pro
1239 4390 1278 4438 re

234 4501 323 4565 nata
358 4490 571 4565 evolverem.
632 4479 694 4564 Ad
729 4489 868 4591 Ignatii
903 4499 942 4563 et
976 4487 1166 4588 Polycarpi
1196 4514 1279 4561 con·

235 4630 382 4694 textum
399 4619 689 4694 concinnandum
716 4618 897 4719 quidquid
919 4617 1164 4692 subsidiorum
1182 4615 1280 4715 apud

236 4754 381 4817 exteros
414 4742 637 4830 adservatur,
664 4769 707 4816 ea
742 4768 801 4816 me
830 4767 935 4840 spero
970 4741 1100 4828 omnia,
1125 4739 1278 4813 maximi

236 4868 412 4941 momenti
430 4876 469 4941 et
481 4867 663 4966 ponderis,
674 4866 762 4941 dum
774 4893 841 4966 per
853 4865 963 4940 ferias
979 4865 1102 4965 plures
1118 4864 1279 4939 aestivas

238 4989 455 5076 Florentiae,
482 4990 630 5077 Romae,
659 4989 817 5076 Parisiis,
848 4989 1086 5064 Vindobonae
1116 4989 1278 5088 aliquan-

238 5116 352 5215 tisper
377 5142 623 5226 commorarer,
649 5115 858 5215 inspexisse.
911 5116 956 5189 ln
982 5143 1124 5191 summa
1153 5125 1278 5190 autem

959 5269 981 5314 a
