3250 6617
414 1061 473 1125 DE
504 1062 537 1124 S.
561 1060 739 1125 IGNATII
769 1058 1007 1124 EPISTOLIS.
1151 1055 1226 1120 xxix

191 1235 291 1319 liquas
317 1234 474 1317 “Ignatii
499 1258 564 1299 esse
587 1257 762 1318 germanas,
787 1232 969 1315 easdemque
995 1228 1226 1305 sincerissimas,

193 1349 320 1402 “nemo
340 1339 444 1421 jure,”
470 1338 585 1422 inquit,
611 1347 632 1377 “
647 1336 763 1421 poterit
789 1336 965 1399 dubitare.’'
1021 1332 1227 1397 Bellarminus
1240 1338 1367 1387 Bellarmi·

192 1445 282 1502 notat
298 1437 461 1502 “Latinas
475 1439 549 1502 'lbes
571 1437 760 1522 gravitatem
775 1437 888 1520 eloquii
912 1438 945 1499 S.
962 1435 1082 1520 Ignatii
1101 1433 1228 1498 omnino
1240 1420 1294 1454 Μ

194 1551 293 1606 “non
331 1542 489 1606 redolere:
529 1541 674 1625 Quinque
703 1541 839 1605 Eusebio
868 1539 1044 1624 incognitas
1078 1539 1118 1602 ob
1153 1537 1228 1622 styli

194 1644 468 1709 “similitudinem
501 1651 533 1708 et
564 1643 710 1728 spiritum
741 1666 812 1707 vere
844 1642 1071 1727 Apostolicunr,
1104 1664 1123 1704 a
1155 1639 1229 1703 viris

194 1748 330 1812 “doctis
354 1748 481 1812 omnino
505 1745 617 1830 recipi3
645 1769 708 1810 non
731 1769 797 1810 esse
821 1769 969 1830 magnam
993 1745 1087 1808 fidem
1112 1744 1229 1808 haben·

194 1859 215 1890 “
230 1851 303 1914 dam
327 1851 492 1916 Codicibus
516 1850 653 1928 Graecis,
675 1850 729 1934 qui
754 1873 838 1913 nunc
860 1855 996 1925 exstant,
1020 1848 1143 1933 quando
1166 1847 1229 1912 dis·

195 1961 358 2038 “crepant
387 1978 406 2018 a
435 1953 582 2031 Latinis3
620 1976 699 2036 saepe
728 1953 813 2017 enim
843 1952 1067 2017 emendatiores
1096 1951 1230 2015 inveniri

195 2059 361 2122 “Codices
386 2058 516 2122 Ictinos
538 2079 632 2141 quam
660 2057 812 2120 Graecos:
844 2057 927 2140 quod
949 2054 1091 2132 verum,'’
1114 2054 1230 2138 inquit,

195 2168 217 2196 “
231 2181 297 2223 esse
319 2159 487 2244 intelliget,
511 2159 564 2243 qui
585 2159 722 2224 conferet
742 2158 923 2222 testimonia
941 2179 1080 2243 quaelex
1102 2156 1230 2240 Ignatio

195 2262 332 2325 “citant
358 2263 391 2324 S.
408 2262 599 2325 Athanasius
624 2268 657 2325 et
681 2261 903 2339 Theodoretus,
927 2282 999 2323 cum
1021 2258 1124 2323 verbis
1150 2259 1230 2342 ejus·

195 2365 303 2429 “dem
325 2365 455 2450 Ignatii,
475 2388 553 2450 quae
576 2388 660 2429 nunc
684 2366 837 2428 habemus
860 2364 894 2427 in
917 2362 1083 2426 Codicibus
1107 2362 1230 2425 Latinis

195 2475 216 2503 “
232 2474 265 2529 et
288 2467 448 2530 Graecis?

238 2568 287 2633 De
302 2569 444 2653 Epistola
457 2569 496 2631 ad
511 2570 673 2634 Tarsenses
688 2570 788 2653 primo
803 2568 929 2632 dubitat
940 2568 1072 2630 Faustus
1089 2565 1230 2643 Socinus,
1242 2585 1271 2634 F.
1281 2586 1392 2646 socium,

196 2671 407 2754 Responsione
421 2671 461 2734 ad
475 2671 652 2756 Vujekum3
676 2679 708 2734 et
728 2671 917 2735 sententiam
937 2691 1025 2732 suam
1044 2667 1170 2731 liberius
1192 2669 1231 2732 de
1286 2649 1354 2712 ¹⁶²⁴·

195 2775 339 2838 omnibus
360 2775 478 2858 profert
492 2774 769 2838 Animadversione
783 2775 824 2837 ad
838 2773 1051 2836 Assertionem
1066 2771 1231 2855 septimam

195 2877 461 2942 Posnaniensium.
489 2887 509 2916 “
522 2876 643 2961 Ignatii
657 2877 773 2962 scripta
786 2876 900 2960 partim
917 2875 1102 2951 adulterina,
1116 2874 1231 2958 partim

196 2982 398 3046 “admodum
423 2988 568 3065 corrupta
586 2988 619 3045 et
636 2979 859 3044 additamentis
885 2978 1069 3063 quibusdam
1092 2977 1230 3061 coinqui-

195 3093 216 3124 “
232 3092 324 3160 nata;
347 3085 423 3148 adeo
447 3091 606 3148 uteorum
631 3107 752 3168 quoque
775 3084 808 3146 in
833 3083 907 3167 ipsis
930 3082 985 3144 fiat
1005 3081 1133 3159 mentio,
1154 3104 1232 3165 quae

195 3196 216 3226 “
231 3211 293 3251 non
308 3187 367 3250 nisi
382 3195 454 3271 post
468 3187 587 3271 aliquot
598 3187 719 3251 saecula
732 3185 954 3251 exstiterunt.'’
998 3185 1041 3248 Et
1055 3184 1127 3247 licet
1143 3183 1231 3246 Lati-

195 3313 271 3353 num
287 3289 406 3374 Ignatii
428 3291 585 3375 exemplar
598 3289 817 3354 tantummodo
837 3296 914 3353 tunc
928 3287 1078 3372 temporis
1093 3286 1231 3364 vidisset,

195 3400 227 3457 et
256 3395 418 3457 Missurum
448 3417 522 3458 voce
554 3396 689 3458 offensus
717 3394 764 3457 ita
795 3393 953 3469 scriberet,
981 3399 1092 3455 nactus
1126 3398 1232 3454 tamen

194 3504 302 3580 postea
317 3498 471 3562 Graecum
491 3497 647 3575 Codieem,
664 3497 717 3560 ubi
739 3520 810 3560 eum
829 3496 931 3560 locum
957 3494 1048 3559 aliter
1069 3517 1101 3558 se
1121 3495 1232 3557 habere

194 3600 325 3678 invenit,
346 3602 534 3664 sententiam
558 3623 621 3664 non
641 3599 787 3663 mutavit.
833 3599 873 3661 In
892 3599 977 3661 hunc
998 3597 1082 3661 enim
1105 3597 1233 3660 modum

194 3705 370 3768 concludit:
394 3713 415 3742 “
428 3705 511 3782 luit,
526 3705 686 3780 nimirum,
701 3703 780 3765 liber
799 3702 859 3765 iste
874 3700 1086 3784 Epistolarum
1101 3699 1232 3783 Ignatii,

195 3815 216 3844 “
231 3807 476 3891 quandocunque
491 3806 523 3870 id
538 3806 656 3870 factum
672 3805 776 3883 tirerit,
792 3805 831 3867 ab
846 3803 885 3866 iis
905 3802 1021 3886 partim
1035 3802 1232 3886 depravatus,

195 3910 345 3993 “partim
361 3909 456 3972 etiam
472 3908 712 3985 consarcinatus,
723 3907 776 3990 qui
787 3907 986 3992 tyrannidem
997 3905 1232 3990 Episcoporum,

195 4013 348 4076 “nonin
370 4012 539 4076 Ecclesiam
562 4018 698 4089 tantum,
713 4009 767 4073 sed
789 4009 823 4072 in
846 4008 1084 4093 Rempublicam
1101 4031 1233 4093 quoque,

195 4124 216 4154 “
231 4121 340 4179 contra
353 4137 445 4178 omne
461 4117 515 4199 jus
532 4114 650 4198 fasque,
664 4113 820 4177 invectam
836 4115 1036 4178 vehementer
1049 4113 1233 4197 probabant,

195 4227 215 4257 “
230 4240 266 4282 ac
281 4218 418 4282 stabilire
432 4217 612 4282 volebant.”

239 4322 346 4385 Paullo
361 4329 431 4406 post
447 4321 628 4405 Rodolphus
643 4319 868 4405 Hospinianus‚
877 4319 1058 4404 ligurinus,
1075 4319 1233 4383 Historiae
1246 4333 1378 4396 Hospinia

196 4423 459 4488 Sacramentariae
481 4424 535 4487 lib.
552 4423 575 4486 ii
597 4446 663 4506 cap.
683 4443 711 4501 1,
735 4422 900 4507 Ignatium
922 4428 1063 4486 nostrum
1083 4429 1232 4506 tanquam
1245 4414 1301 4456 '¹¹¹⁸’
1316 4397 1386 4448 ¹⁶⁰²·

194 4533 307 4591 testem
329 4527 605 4611 locupletissimum
627 4527 743 4590 laudat.

238 4631 418 4694 Perkinsius
440 4637 546 4693 autem
564 4637 684 4692 nostras
700 4627 924 4691 Whitakerum
945 4628 1073 4691 interim
1094 4628 1127 4690 in
1149 4629 1232 4691 hunc
1246 4644 1359 4703 Pettius,

195 4733 323 4796 modum
354 4733 501 4817 sequitur.
556 4729 745 4793 “Eusebius
774 4753 847 4793 cum
878 4729 1071 4816 Hieronymo
1105 4731 1233 4814 Septem
1271 4708 1339 4770 ¹⁶⁰³·

195 4845 216 4873 “
233 4835 351 4919 Ignatii
367 4857 423 4918 pro
438 4834 520 4899 veris
534 4833 711 4897 numeravit
726 4833 902 4916 Epistolas:
926 4841 960 4897 at
974 4856 1058 4897 nunc
1078 4835 1135 4897 sub
1151 4834 1233 4898 illius

196 4949 216 4978 “
232 4939 358 5003 nomine
388 4940 539 5002 babenter
569 4937 751 5015 Duodecim,
778 4961 908 5021 quarum
939 4938 1085 5023 Quinque
1114 4939 1234 5023 spuriae

196 5054 216 5082 “
233 5050 316 5106 sunt.
363 5042 467 5105 Etiam
494 5041 633 5125 Epistola
658 5042 697 5105 ad
722 5041 872 5125 Ephesios
898 5047 953 5105 aut
971 5041 1075 5125 spuria
1101 5050 1159 5119 est,
1180 5048 1234 5105 aut
