3250 6617
298 1076 361 1141 AD
383 1076 673 1153 CORINTHIOS,
689 1075 766 1139 xliii.
989 1074 1054 1140 157

124 1249 210 1326 rIII.
235 1249 289 1326 Et
303 1251 394 1351 quid
418 1252 561 1339 mirum,
586 1251 618 1325 si
642 1251 775 1349 quibus
797 1250 837 1324 in
859 1249 1006 1326 Christo
1031 1277 1054 1323 a

124 1392 181 1441 100
195 1394 331 1442 munus
347 1368 578 1442 commissum
594 1366 676 1453 fuit,
693 1365 897 1465 praedictos
921 1364 1053 1439 consti-

124 1489 182 1561 rt?
212 1485 506 1585 quandoquidem
534 1495 573 1558 et
598 1484 729 1558 beatus
752 1483 909 1583 Moyseo,
923 1480 1218 1580 fidelissumffina

124 1600 198 1677 sia
213 1601 388 1677 universa
405 1601 522 1688 domu,
540 1601 661 1675 omnia
678 1627 771 1699 quae
793 1600 865 1699 ipsi
881 1598 1056 1672 mandata
1066 1567 1133 1617 Μ’
1145 1582 1171 1615 ¹¹¹
1184 1579 1207 1628 ⁵’

124 1716 186 1802 ‚in
202 1718 312 1793 sacris
333 1718 434 1792 libris
451 1718 657 1806 notaverit3
685 1744 794 1816 quem
817 1716 951 1790 caeteri
973 1742 1054 1814 pro

124 1860 149 1909 e
164 1860 239 1908 uno
255 1861 432 1909 consensu
449 1835 597 1933 sequuti
616 1844 714 1921 sunt,
731 1833 785 1920 iis,
803 1860 896 1931 quae
913 1831 959 1906 ab
976 1833 1055 1931 ipso

124 1964 156 2026 'aa
182 1961 280 2039 sunt,
304 1951 556 2027 testimonium
580 1951 804 2052 praebentes,
856 1951 925 2025 Ille
947 1952 1055 2037 enim,

124 2100 131 2141 ι
147 2066 343 2143 aemulatio
369 2094 434 2167 pro
451 2068 651 2144 sacerdotio
669 2068 864 2154 incidisset,
882 2077 921 2142 et
936 2066 1055 2141 tribus

127 2210 168 2259 se
184 2182 430 2271 dissentirent,
448 2212 627 2284 quaenam
649 2185 793 2259 illarum
818 2184 973 2285 glorioso
993 2183 1055 2258 illo

165 2426 316 2506 Quotquot
334 2428 449 2487 filerunt
465 2427 515 2486 In·
556 2428 566 2485 ἱ
586 2449 611 2500 4.
638 2429 731 2485 Ἐνθεν
743 2431 834 2488 αὐτοὺς
847 2431 877 2500 δὴ
890 2432 949 2487 τοὺς
967 2431 1055 2503 θεοφι-

124 2528 157 2569 es
175 2510 291 2581 vetusti,
307 2509 442 2575 Graecus,
463 2509 515 2587 Sy·
555 2515 609 2569 λεῖς
623 2513 729 2568 ε’κείνους
743 2510 825 2584 εὕροις
843 2513 929 2566 dracoi
947 2515 991 2582 τῆς
1011 2516 1057 2567 τοῦ

124 2590 258 2663 ultimus,
272 2590 373 2663 Arabs,
388 2591 515 2662 Latinus,
556 2597 669 2664 Χριστοῦ
697 2594 892 2662 κοτηξιωμὲνους
922 2616 1054 2666 προσωνυ-

124 2678 153 2733 ut
167 2672 284 2751 penitus
302 2673 355 2732 hos
375 2673 515 2730 diaconos,
556 2677 621 2744 μιός,
650 2676 711 2729 κατὰ
744 2676 790 2745 τὴν
816 2677 971 2746 φάσκουσαν
997 2677 1056 2747 περὶ

124 2798 131 2813 .
184 2754 285 2812 Esaiae
306 2755 393 2813 verbu
412 2754 452 2812 sic
472 2753 515 2810 in·
557 2758 638 2810 αὐτῶν
661 2755 756 2827 φωνήν·
786 2758 855 2826 αΜὴ
878 2756 985 2828 ὄψησθε
1006 2762 1057 2811 τῶν

124 2834 172 2895 idn
190 2843 259 2894 sunt
274 2842 308 2895 ut
324 2835 460 2913 primario
480 2836 517 2893 ad
558 2839 574 2867 “
588 2843 702 2909 χριστῶν
714 2861 770 2908 μου,
785 2840 826 2894 καὶ
846 2839 873 2892 ε’ν
885 2841 938 2895 τοῖς
955 2837 1057 2910 προφὴ·

142 2914 319 2976 Judneorum
342 2926 373 2977 et
390 2917 518 2994 ipsorum
558 2926 575 2951 ⁴¹
588 2941 643 2976 τοις
655 2942 704 2989 μου
717 2920 751 2989 μὴ
764 2918 963 2992 τονηρεῦησθε.”

124 3018 164 3059 ,Ἢ
182 2998 353 3077 pertineant,
370 2999 467 3077 quales
487 2998 518 3056 in
601 3018 624 3056 1.
648 3001 837 3074 πιστευθέντες]
861 3000 909 3058 Ita
929 2999 1055 3056 Wotton.

124 3098 150 3140 ις
170 3079 333 3139 civitatibus
353 3081 434 3157 jussu
459 3080 516 3138 Do·
557 3080 665 3138 Russel.
679 3079 808 3139 Galland.
821 3081 986 3139 Schoenem.
998 3079 1058 3138 He-

124 3161 271 3221 >nstitutus
279 3162 418 3236 videmus,
430 3161 514 3220 Deut.
557 3161 602 3219 fel.
616 3160 791 3239 Reithmayr.
801 3172 831 3221 et
843 3161 1010 3225 Dresselius.
1020 3161 1057 3219 ad

124 3288 132 3302 .
183 3242 398 3321 Aequissimum
423 3250 467 3302 est
487 3249 517 3302 et
556 3243 643 3301 fidem
653 3243 739 3302 MSti.
763 3244 914 3321 Atreliqui
930 3263 995 3300 cum
1004 3243 1058 3300 Ju-

124 3324 187 3385 anio
198 3324 282 3384 valde
296 3331 516 3383 consentaneum
557 3324 606 3382 nio
637 3327 806 3397 πιστεύοντες,
833 3344 968 3403 germana
1001 3325 1056 3382 leo-

124 3404 142 3465 d
153 3405 290 3484 primario
302 3405 333 3464 in
341 3407 361 3464 J
363 3407 518 3465 udaeorum
557 3407 636 3464 tione
648 3406 685 3463 ad
699 3407 858 3484 marginem
871 3407 984 3483 rejecta.
1011 3405 1054 3465 Oi

124 3486 340 3560 rumhabuen't,
350 3488 517 3547 secundario
558 3488 590 3545 B.
607 3487 727 3545 Paulum
748 3488 786 3545 ad
808 3488 862 3547 Tit.
885 3488 894 3545 i
915 3508 942 3562 3,
962 3491 990 3544 ἐν
1010 3512 1055 3558 κη·

124 3566 177 3629 ’Μί
191 3568 347 3628 helesium
361 3589 516 3628 accommo-
557 3570 665 3643 ρῦγμοτι
686 3570 838 3639 ἐπιστεύθην
856 3572 906 3643 ἐγὼ
929 3570 981 3624 κοτ’
1002 3571 1057 3626 ε’πι-

152 3648 230 3709 Illud
244 3652 280 3708 ab
289 3650 436 3729 Apostolis
449 3650 518 3727 ipsis
557 3654 636 3725 τσγὴν
648 3656 693 3706 τοῦ
708 3655 823 3723 Σωτῆρος
836 3652 905 3719 ἡμῶν
918 3655 991 3708 Θεοῦ.

124 3730 298 3810 augeliorum
331 3732 518 3809 scriptoribus
599 3752 625 3803 4.
643 3735 675 3788 τὰ
696 3733 886 3804 διατεταγμένα]
909 3729 985 3788 Ante
1005 3729 1057 3789 has

124 3832 155 3873 ro
173 3812 281 3872 fautum
294 3813 425 3872 videmus
437 3834 444 3885 3
466 3833 518 3871 neo
557 3833 640 3871 voees
675 3812 840 3883 cotelerius,
873 3811 1057 3884 colomanus,

124 3895 255 3973 neganda
273 3894 414 3954 Clementi
434 3894 518 3952 liber·
558 3902 588 3953 et
602 3893 786 3952 Constantius
803 3894 986 3952 inserendum
1006 3893 1057 3951 du-

124 3976 208 4053 aqui
220 3976 336 4035 voculas
355 3976 419 4034 illas
439 3976 517 4047 duas,
558 3982 626 4033 cunt
641 3976 676 4034 ὅς.

124 4076 135 4116 s
142 4055 205 4135 jam
214 4056 292 4135 (ante
300 4058 436 4134 scriptam
445 4057 517 4114 hano
599 4072 624 4131 7.
648 4059 755 4114 Ἐκεῖνος
774 4061 833 4131 γάρ.
856 4081 878 4115 κ.
897 4082 920 4114 τ.
937 4059 978 4132 λ.]
1002 4056 1058 4115 Re-

124 4136 192 4235 ium)
207 4137 326 4198 donatae
346 4148 377 4198 et
395 4159 412 4196 a
429 4139 518 4196 Paulo
557 4138 673 4197 ferendo
686 4137 833 4215 virgarum
849 4138 1007 4210 historiam,
1021 4139 1059 4197 ad

124 4228 240 4298 pontus,
265 4220 338 4278 Phil.
357 4221 368 4278 i
393 4240 418 4286 ι,
441 4220 518 4297 apud
558 4227 692 4278 contenta
711 4219 812 4297 eapitis
834 4220 894 4278 xvii
915 4220 981 4277 libri
995 4220 1059 4278 Nu-

124 4320 163 4361 rm
188 4301 289 4361 Isaiae
316 4302 517 4379 Interpretem‚
558 4320 702 4359 merorum
721 4302 820 4379 adjicit
834 4302 983 4360 nonnullas
1003 4302 1058 4359 oir-

124 4382 281 4443 authoritas
302 4385 379 4461 apud
402 4383 518 4443 Hellen·
559 4383 745 4442 oumstantias
777 4384 931 4441 admodum
961 4383 1059 4440 verisi-

124 4484 251 4543 psosqua
268 4466 304 4523 ad
325 4485 395 4542 quos
412 4465 516 4524 scribe·
560 4464 649 4534 miles,
663 4484 696 4522 ac
715 4473 749 4523 ut
761 4463 876 4524 videtur
895 4465 1060 4540 desumptas

124 4546 272 4620 orintbios‚
296 4547 420 4606 multum
442 4547 517 4604 vale·
561 4566 597 4603 ex
624 4546 823 4604 Hebraeorum
848 4546 1057 4605 traditionibus.

124 4635 258 4769 {iffi
293 4627 516 4781 diffidi]
559 4626 657 4785 33¹3?
667 4646 766 4768 0:322
785 4628 824 4766 {¹11¹
826 4628 994 4767 bitis?
995 4647 1061 4767 ‘gf

124 4810 180 4850 ›roe
193 4790 383 4850 Ecclesiastioi
396 4790 520 4868 antiqui·
560 4798 640 4849 satur
660 4810 693 4848 ao
714 4790 795 4847 Philo
815 4790 950 4862 Judaeus,
964 4791 1012 4848 lib.
1028 4790 1060 4847 iii

124 4891 166 4931 rea
185 4872 214 4932 S.
237 4872 266 4932 S.
290 4872 320 4929 in
343 4872 461 4931 modum
484 4873 520 4930 ab
561 4872 597 4931 de
617 4871 686 4929 Vita
706 4871 802 4943 Mosis,
827 4871 902 4929 oiroa
924 4872 1059 4938 medium,

124 4960 192 5013 retro
211 4952 412 5013 abhorrentem
432 4954 520 5012 addu-
566 4953 657 5030 [Opp.
679 4951 699 5009 ii
719 4973 746 5029 p.
766 4954 821 5010 162
843 4952 886 5011 ed.
909 4950 1055 5034 Mangey]

124 5035 179 5094 rad
197 5034 363 5094 institutum
379 5055 461 5094 suurn
476 5055 521 5092 ao-
561 5033 749 5112 Augustinus,
755 5033 892 5092 Sermone
902 5053 919 5107 3
931 5033 967 5093 de
978 5034 1060 5094 Tem-

124 5116 201 5177 »dare
233 5116 370 5176 solebant.
438 5116 518 5175 Oonf.
561 5135 636 5194 pore.
655 5112 757 5195 [Sorm.
776 5130 833 5189 245
847 5115 977 5192 Appeud.
990 5123 1060 5176 torn.

124 5198 135 5275 i
149 5217 185 5273 23
200 5206 272 5258 extr.
284 5205 314 5258 et
323 5198 424 5257 Euseb.
437 5199 474 5256 H.
486 5197 518 5258 E.
562 5218 580 5255 v
594 5197 636 5256 ed.
653 5194 773 5278 Bened]
798 5196 934 5257 COTEL
