3250 6617
506 1110 565 1176 DE
587 1113 803 1178 EPISTOLA
826 1112 872 1176 II.
1143 1114 1208 1175 223

175 1276 220 1361 [p.
237 1276 299 1357 762
322 1274 369 1338 ed.
386 1274 519 1360 Potter.]
539 1274 668 1340 recitare
685 1276 780 1340 verba
798 1275 887 1339 Pauli
904 1275 1057 1360 Apostoli,
1074 1276 1209 1339 Graeeos

169 1410 224 1453 seu
247 1386 390 1451 Gentiles
415 1387 454 1451 ad
484 1386 623 1472 Sibyllae
653 1388 788 1452 Oraeula
816 1388 1032 1466 amandantis;
1064 1388 1125 1451 uisi
1153 1394 1210 1451 aut

170 1500 315 1565 Clemens
344 1498 482 1563 fabulam
511 1523 530 1563 a
558 1499 693 1584 quodum
723 1501 912 1585 Apoorypho
945 1499 1113 1584 sumpsisse
1148 1499 1210 1563 dioi

169 1618 285 1695 posset,
309 1617 365 1674 aut
387 1610 492 1694 potius
515 1609 599 1674 illius
628 1633 754 1674 sensum
777 1610 958 1675 viderentur
980 1633 1044 1674 nou
1065 1609 1210 1693 attigisse

170 1720 312 1785 homines
334 1719 419 1784 docti
429 1746 439 1798 3
462 1742 540 1804 quae
562 1719 689 1804 quidem
711 1742 780 1783 mea
801 1727 849 1785 est
867 1720 981 1804 opinio.
1027 1721 1074 1784 Eo
1096 1720 1210 1804 quippe

170 1832 230 1897 loei
247 1838 414 1917 postquam
433 1854 471 1896 ex
486 1832 573 1896 Petri
588 1832 831 1909 Praedioatione,
849 1832 928 1896 libro
946 1839 1035 1896 extra
1051 1832 1211 1896 Canonem

171 1942 285 2028 posito,
300 1942 467 2007 affirmavit
485 1946 502 2006 ὁ
524 1945 725 2024 Στροματεύς,
744 1943 881 2020 Graecis,
896 1949 934 2006 ut
949 1942 1053 2006 Deum
1074 1942 1211 2006 colerent

171 2062 205 2119 et
225 2054 326 2139 gloria
347 2055 515 2132 affioerent,
536 2077 712 2119 conoessum
730 2054 825 2119 fuisse
843 2055 1087 2139 Philosophiam,
1102 2078 1210 2139 quern-

171 2165 340 2229 admodum
376 2165 505 2229 eandem
541 2165 581 2229 ob
614 2187 739 2229 oausam
775 2174 942 2250 utrumque
974 2166 1211 2229 Testamentum

173 2275 300 2339 Judaeis
329 2282 363 2339 et
391 2275 597 2353 Christianis3
635 2275 696 2340 ista
724 2276 829 2360 paullo
858 2276 1034 2339 obscuriora
1063 2275 1210 2360 subjioit:

173 2388 238 2451 ἐπεὶ
262 2388 318 2465 ὅτι,
344 2385 476 2466 καθάπερ
493 2384 651 2452 Ἰουδαίους
675 2387 823 2464 σώζεσθαι
847 2389 989 2466 ἐβούλετο
1008 2390 1024 2450 ὁ
1045 2388 1125 2454 Θεὸς
1145 2387 1213 2453 τοὺς

174 2497 335 2581 Προφήτας
371 2498 475 2574 διδούς,
506 2500 597 2562 οὕτως
626 2499 672 2561 καὶ
702 2495 861 2577 Ἑλλήνων
891 2499 956 2565 τοὺς
992 2498 1211 2577 δοκιμωτάτους,

175 2612 298 2675 οἰκείους
324 2609 420 2673 αὐτῶν
442 2610 476 2696 τῇ
496 2609 638 2695 διαλεκτῷ
657 2609 819 2689 Προφήτας
839 2609 1019 2690 ἀναστήσας,
1042 2611 1081 2676 ὥς
1103 2611 1213 2674 οἷοίτε

173 2722 252 2802 ήσαν
266 2721 408 2805 δέχεσθαι
423 2721 476 2800 τήν
491 2723 569 2801 παρά
584 2724 666 2785 Θεοῦ
688 2721 873 2802 εὐεργεσίαν,
889 2728 947 2785 τῶν
961 2724 1091 2806 χυδαίων
1105 2724 1212 2802 άνθριί-

173 2860 239 2898 πων
252 2836 405 2915 διέκρινεν,
417 2834 545 2913 δηλώσει
560 2834 633 2913 πρὸς
647 2834 686 2919 τῷ
700 2833 813 2915 Πέτρου
828 2837 986 2916 κηρύγματι
997 2838 1014 2898 ά
1027 2835 1214 2901 Ἀπάστολος

173 2944 272 3027 λέγων
288 2949 415 3011 Παῦλος·
437 2943 556 3023 Λάβετε
579 2945 626 3008 καὶ
648 2948 699 3012 τὰς
716 2943 896 3021 Ἑλληνικὰς
916 2951 1055 3027 βίβλους,
1072 2947 1213 3028 ἓπίγνιοτε

174 3056 340 3135 Σίβυλλαν,
361 3055 399 3120 ὡς
422 3059 509 3133 δηλοῖ
531 3055 584 3117 ἕνα
608 3054 690 3119 Θεὸν
712 3056 758 3118 καὶ
783 3059 820 3119 τά
840 3058 991 3135 μέλλοντα
1012 3058 1143 3121 ἔσεσθαι·
1167 3056 1215 3120 καί

175 3163 228 3229 τάν
240 3162 414 3245 ’Τοπάσπην
430 3167 577 3243 λαβόντες
592 3166 755 3247 άνάγνιοτε,
773 3168 820 3230 καὶ
835 3169 974 3248 εὑρήσετε
990 3168 1094 3252 πολλῷ
1110 3177 1215 3244 τηλαυ-

174 3282 316 3359 γέστερον
331 3278 379 3340 καὶ
400 3276 587 3358 σαφέστερον
607 3277 809 3359 γεγραμμένον
828 3278 881 3340 τὸν
894 3277 968 3341 ‘stov
985 3282 1036 3340 τοῦ
1059 3283 1153 3354 Θεοῦ,
1170 3277 1216 3340 καὶ

176 3388 271 3454 καθὼς
300 3386 461 3466 παράταξιν
486 3387 643 3464 ποιήσουσι
672 3389 712 3472 τῷ
740 3389 858 3472 Χριστῷ
883 3389 991 3451 πολλοὶ
1011 3394 1150 3465 βασιλεῖς
1170 3413 1217 3464 μι-

177 3502 301 3563 σοῦντες
326 3498 423 3572 αὐτόν,
442 3500 490 3560 καὶ
509 3498 575 3565 τοὺς
597 3503 761 3577 φοροῦντας
783 3497 817 3559 τὸ
844 3499 938 3576 ὄνομα
961 3498 1059 3571 αὐτοῦ,
1082 3497 1218 3561 καὶτοὺς
1251 3491 1256 3497 ’

176 3607 297 3674 πιστοὺς
321 3608 418 3683 αὐτοῦ,
445 3608 492 3671 καὶ
515 3608 569 3686 τήν
592 3608 743 3687 ὑπομονήν
768 3608 816 3670 καὶ
845 3606 899 3685 τήν
923 3608 1089 3687 παρουσίαν
1117 3607 1214 3669 αὐτοῦ.

178 3718 252 3783 Εἶτα
268 3721 312 3784 ἑνὶ
326 3723 407 3804 λόγῳ
422 3720 599 3783 πυνθάνεται
612 3720 702 3799 ήμῶν·
726 3721 796 3785 ὅλος
810 3720 843 3782 δὲ
859 3719 875 3780 ὁ
891 3719 1000 3796 κόσμος
1014 3718 1112 3782 καὶτὰ
1132 3719 1165 3781 ἔν
1178 3721 1218 3801 τῷ

179 3832 287 3914 κόσμῳ,
313 3830 409 3906 τίνος;
433 3830 501 3913 οὐχὶ
526 3835 577 3892 τοῦ
602 3827 718 3905 Θεοῦιῖ
750 3827 838 3892 Quae
863 3827 956 3890 verba
981 3827 1025 3890 sie
1049 3826 1217 3911 accipiunt,

178 3941 266 4025 quasi
288 3944 400 4021 λάβετε
425 3943 479 4005 &a
504 3941 546 4004 sit
566 3939 710 4024 Apostoli
737 3939 922 4004 exhortatio.
967 3940 1013 4003 At
1035 3961 1094 4022 ego
1116 3939 1180 4015 illa,
1203 3943 1219 4001 ὁ

177 4052 365 4120 ’Λπόστσλος
401 4054 502 4135 λε’γιον
532 4058 660 4128 Παῦλος,
691 4072 754 4115 uon
791 4051 889 4115 refero
919 4051 959 4114 ad
988 4049 1218 4134 consequentia,

179 4167 298 4243 Λάβετε
314 4164 368 4226 διο.
385 4162 439 4225 sed
460 4162 500 4225 ad
522 4161 746 4245 praecedentia,
765 4165 888 4229 οἰκείους
908 4164 1001 4227 αὐτῶν
1021 4167 1056 4248 τῇ
1076 4160 1219 4245 διαλέκτῳ

180 4274 353 4356 Προφήτας,
371 4298 425 4338 seu
440 4275 480 4338 ad
495 4273 682 4338 versiculum
701 4293 738 4339 12
757 4296 823 4357 eap.
840 4273 850 4335 i
874 4272 1031 4357 Epistolae
1046 4271 1086 4335 ad
1101 4270 1219 4348 Titum,

179 4384 245 4449 εἶπέ
270 4410 314 4451 τις
342 4388 378 4463 ἐξ
405 4386 499 4449 αὐτῶν
523 4388 594 4451 ἴδιος
623 4384 718 4447 αὐτῶν
744 4381 922 4463 Προφήτηςι
954 4389 986 4445 et
1016 4382 1134 4461 Λάβετε
1164 4382 1218 4444 διο.

179 4496 353 4559 Clementis
379 4518 444 4559 esse
473 4496 616 4572 arbitror,
644 4516 707 4557 nou
736 4493 827 4556 Pauli
838 4519 847 4569 ;
885 4500 954 4556 tum
984 4492 1066 4575 quod
1096 4492 1128 4554 in
1158 4492 1220 4554 line

178 4605 304 4682 dieitur,
320 4606 384 4670 εἶτα
407 4607 450 4669 ἑνὶ
472 4611 564 4690 λόγῳ,
577 4606 634 4668 &a
654 4601 881 4666 Praedicationi
904 4601 989 4664 Petri
1011 4601 1126 4678 tribuo,
1148 4624 1220 4664 eum

130 4744 134 4751 ·
178 4716 266 4800 eujus
287 4714 398 4778 ultimo
420 4736 561 4777 sermone
582 4712 685 4796 paullo
707 4717 780 4774 aute
802 4733 857 4794 per
877 4710 1071 4773 Clementem
1094 4709 1220 4773 laudato

179 4827 326 4891 convenit
347 4826 474 4910 optime.
521 4825 674 4890 Quocirca
694 4828 799 4886 verto:
824 4820 1118 4905 “Quandoquidem
1138 4821 1220 4905 quod

216 5079 286 5135 ¹De
304 5080 354 5135 hoo
376 5081 434 5134 loeo
456 5079 540 5134 (λεια.
562 5079 636 5131 Alex.
657 5077 715 5131 vide
737 5077 871 5147 lleveregii
891 5074 1085 5128 adnotationem
1105 5074 1132 5126 in
1153 5071 1220 5127 Cod.

179 5168 282 5224 Canon.
304 5168 404 5222 βοείου.
428 5166 508 5221 l'rim.
527 5165 626 5219 lllustr.
642 5164 652 5217 l
670 5165 714 5218 xiv
731 5167 745 5233 δ
762 5180 785 5235 7,
803 5165 845 5218 vel
867 5163 937 5233 aliud
958 5162 1054 5217 l’otter.
1072 5180 1097 5231 p.
1118 5163 1177 5231 761,
1196 5170 1222 5214 et

179 5256 249 5311 conl.
264 5255 392 5310 Grabium
405 5256 432 5308 in
447 5253 537 5324 spicil,
551 5252 641 5306 Potui
659 5250 701 5303 67.
