3250 6617
309 1069 371 1132 128
661 1068 806 1134 INDEX
829 1068 1083 1134 VERBORUM

935 1240 1024 1309 φιλῇς,
1051 1237 1125 1309 χάρις
1156 1258 1200 1291 σοι
1230 1238 1274 1291 οὐκ
1304 1237 1382 1291 ἔστιν.
1413 1252 1438 1289 2.

936 1317 1055 1374 Πιστεάω
1071 1320 1166 1391 ηάρτῆ
1182 1318 1273 1390 χάριτι
1298 1329 1324 1389 7.
1366 1318 1440 1371 ίσται

936 1399 1038 1471 ῆχάρις
1050 1399 1200 1470 μιτάῦτοῦ.
1221 1402 1247 1455 8.
1275 1398 1443 1468 πνευματικὴν

940 1481 1194 1548 ...άποσταζόντων
1227 1479 1308 1552 χάριν.
1351 1478 1440 1535 Mart.

936 1560 1043 1637 11οϊ
1090 1563 1139 1617 §.a
1160 1564 1204 1630 τῆς
1228 1563 1255 1616 ἓν
1275 1563 1311 1636 *ᾧ
1333 1561 1441 1632 μάντιν

935 1643 1044 1715 χάριτος.
1069 1643 1094 1699 6.
1147 1643 1318 1714 προσέχοντες
1340 1646 1371 1710 τῆ
1395 1646 1441 1696 τοῦ

935 1729 1050 1796 Χριστοῦ
1072 1724 1165 1795 χάριτι.
1186 1722 1271 1780 Mart.
1295 1721 1390 1798 Polyc.
1413 1739 1438 1779 2.

936 1805 1003 1859 άλλά
1016 1805 1138 1880 χάριςτῷ
1152 1809 1216 1879 θεῷ.
1235 1823 1261 1877 3.
1294 1803 1393 1876 πλῆρης
1406 1805 1442 1858 ὣν

935 1889 980 1956 τῆς
992 1886 1155 1958 χάριτοςτοῦ
1168 1890 1242 1941 θεοῦ.
1257 1903 1283 1957 7.
1315 1888 1442 1958 τὸπρόσ·

311 1968 472 2039 Χαρίζεσθαι.
506 1968 535 2020 τά
551 1969 608 2037 φῶς
627 1970 677 2040 γάρ
696 1967 753 2037 ῆμῖν
770 1970 856 2039 ἐχαρί·
936 1990 1005 2023 ωπον
1017 1969 1094 2022 αὐτοῦ
1109 1969 1211 2039 χάριτος
1224 1969 1372 2038 ἐπληροῦτο.
1395 1985 1439 2022 12.

352 2071 426 2104 σατο.
448 2046 536 2105 Clem.
552 2046 586 2103 Π
605 2066 627 2103 1.
660 2049 857 2121 άχαρισάμενος
937 2049 1006 2118 ἐντῆ
1023 2050 1099 2103 αὐτοῦ
1119 2049 1203 2121 χάριτι
1221 2052 1260 2102 καί
1279 2050 1369 2121 δωρεᾷ.
1393 2066 1439 2105 20.

351 2130 444 2200 ὑμῖν..
459 2134 589 2184 .τοιοῦτον
610 2130 750 2185 ἐπίσκοπον
770 2132 855 2199 κεκτῆ-
936 2129 969 2183 'H
982 2129 1056 2201 χάρις
1068 2132 1132 2199 μετά
1144 2129 1250 2186 πάντων.
1275 2146 1320 2185 22.

352 2212 421 2266 σθαι.
443 2209 507 2285 Igu.
521 2208 593 2286 Eph.
609 2228 631 2267 1.
662 2215 750 2286 κόσμῳ
762 2213 796 2281 μῆ
809 2235 857 2282 χα-
897 2209 1022 2282 Χάρισμα.
1063 2212 1145 2268 καθὼς
1159 2213 1200 2265 καί
1217 2211 1288 2280 ἐτέθη
1303 2212 1378 2285 ε’ντῷ
1393 2233 1442 2281 χα-

351 2293 468 2363 ρίσησθε.
491 2290 576 2348 Rom.
593 2292 618 2347 6.
937 2293 1042 2364 ρίσματι
1066 2294 1148 2348 αὐτοῦ.
1174 2290 1263 2349 Clem.
1283 2290 1300 2347 Ῑ
1322 2293 1368 2364 38.
1411 2292 1440 2344 ά-

312 2373 396 2447 Χάρις.
432 2373 510 2446 Χάρις
523 2375 579 2441 ὑμῖν
592 2375 632 2428 καί
650 2372 741 2445 είρῆνη.
766 2371 854 2430 Clem.
937 2379 1068 2446 γνοοῦντες
1088 2375 1119 2427 τά
1141 2373 1262 2445 χάρισμα
1286 2371 1349 2448 Igu.
1366 2369 1440 2447 Eph.

349 1235 462 1307 θάρσους
490 1238 529 1291 καί
561 1240 642 1309 χαράς
673 1239 854 1308 ἐνεπίμπλατο.

349 1314 436 1374 Mart.
460 1314 554 1392 Polyc.
574 1335 617 1374 12.
678 1320 856 1392 συναγομένοις

350 1398 377 1453 έν
389 1399 541 1471 ἀγαλλιάσει
554 1401 594 1454 καί
607 1404 685 1472 χαρᾷ.
705 1403 748 1457 18.

309 1480 449 1552 Χαρακτὴρ.
481 1482 525 1549 τῆς
542 1482 631 1535 ἑαυτοῦ
649 1483 742 1538 είκόνος
760 1504 855 1553 χαρακ-

348 1563 419 1632 τῆρα
443 1558 531 1617 Clem.
551 1559 566 1615 Ι
586 1579 632 1634 33.
675 1560 739 1617 ίδιον
758 1585 853 1634 χαρακ-

349 1644 414 1714 τῆρα
436 1642 597 1711 έπικείμενον.
621 1641 687 1717 Ign.
708 1641 807 1718 Magn.
827 1659 853 1715 5.

348 1726 495 1796 χαρακτῆρα
509 1728 582 1779 Θεοῦ.
600 1721 637 1779 ib.
671 1725 851 1795 άσπάζομαι...

350 1805 378 1859 ἐν
403 1805 564 1879 άποστολικῷ
595 1809 741 1878 χαρακτῆρι.
768 1803 852 1862 Trall.

350 1883 440 1942 Inser.

353 2453 377 2511 Ῑ.
401 2453 488 2512 lusor.
533 2458 565 2509 01
584 2456 726 2527 λειτουργοὶ
747 2457 791 2524 τῆς
809 2455 856 2526 χά-

353 2559 430 2609 ριτος.
453 2538 478 2592 8.
520 2538 569 2591 ὑπὸ
582 2539 627 2590 τὸν
640 2538 714 2607 ζυγὸν
727 2539 770 2605 τῆς
783 2536 856 2606 χάρι-

352 2640 396 2675 τος
418 2619 503 2672 αὐτοῦ.
528 2618 571 2673 16.
616 2620 660 2673 τάς
683 2617 789 2688 χάριτας
815 2619 858 2672 οὗ·

353 2702 399 2753 τοῦ
426 2699 541 2753 ἀποδιδοῖ
565 2702 618 2755 τοῖς
643 2699 858 2770 προσερχομένοις

354 2781 429 2854 αὐτῷ.
455 2797 499 2851 23.
544 2776 581 2835 οἶς
604 2779 619 2847 ῆ
643 2779 716 2850 χάρις
738 2780 788 2834 άπὸ
812 2784 859 2835 τοῦ

355 2865 420 2915 θεοῦ
454 2862 559 2915 δέδοται.
583 2877 631 2932 30.
680 2861 752 2917 Τίνος
784 2860 859 2932 χάριν

354 2941 500 3014 ηῦλογῆθη,·
526 2959 571 3013 31.
634 2940 661 2994 ἓν
687 2945 788 3010 Πνεῦμα
815 2945 859 3010 τῆς

354 3024 464 3094 χάριτος.
489 3022 535 3092 46.
577 3024 640 3076 κατά
660 3023 705 3090 τὴν
724 3026 769 3076 τοῦ
793 3028 858 3076 θεοῦ

942 2465 985 2526 17.
1011 2455 1131 2524 ἐκκλησίᾳ
1143 2500 1148 2510 .
1162 2500 1167 2510 .
1181 2453 1320 2524 ,ῆλεημένη
1331 2455 1358 2509 έν
1366 2455 1443 2509 παντὶ

937 2536 1083 2607 χαρίσματι
1106 2535 1219 2610 Smyrn.
1242 2534 1330 2592 Inser.
1381 2535 1441 2589 α’νυ-

939 2616 1053 2692 στερῆτιρ
1074 2621 1139 2686 οὕση
1160 2619 1254 2673 παντὸς
1274 2618 1440 2689 χαρίσματος.

938 2695 975 2754 ib.
1018 2700 1058 2753 καί
1072 2701 1165 2754 ταιτὸς
1180 2700 1338 2770 χαρίσματος
1349 2720 1443 2769 περισ-

939 2778 1021 2849 σείης.
1042 2778 1136 2854 Polye.
1154 2797 1179 2835 2.
1214 2785 1383 2848 πνευματικῶν
1395 2779 1441 2833 αῦ-

937 2865 973 2934 τῷ
992 2859 1142 2929 κοινωνήσας
1161 2861 1331 2932 χαρισμάτων.
1354 2858 1441 2916 Mart.

939 2940 1002 3017 Igu.
1019 2959 1049 3013 3.
1090 2940 1178 2998 είττως
1192 2941 1268 3014 μέρος
1285 2943 1443 3014 χαρίσματος

938 3023 1041 3086 λάβωσι
1053 3028 1228 3093 πνευματικοῦ.
1250 3022 1287 3079 ib.

353 3105 437 3175 χάριν.
466 3116 512 3175 50.
574 3107 686 3176 γυναῖκες
719 3104 857 3172 ένθυνομω·
898 3107 996 3161 Χιῖλος.
1037 3106 1071 3174 μῆ
1089 3107 1165 3174 μόνον
1181 3107 1297 3176 χείλεσιν
1312 3106 1388 3159 αὐτὸν
1403 3126 1441 3158 τι-

355 3185 439 3240 θεῖσαι
465 3186 507 3239 &aa
532 3188 576 3255 τῆς
603 3187 712 3256 χάριτος.
736 3197 781 3255 55.
825 3186 860 3239 ὧν

938 3189 995 3254 μᾶν.
1019 3184 1107 3243 Clem.
1123 3184 1157 3241 ΙΙ
1171 3205 1197 3259 3.

355 3269 431 3338 χάριν
452 3266 628 3322 ἐκινδύνευσεν.
650 3264 687 3322 ib.
728 3265 761 3319 ‘H
786 3267 861 3337 χάρις
899 3267 1072 3334 Χειμάζεσθαι.
1109 3271 1142 3325 ὧς
1155 3271 1333 3339 χειμαζόμενος
1344 3266 1441 3336 λιμένα

356 3352 402 3402 τοῦ
416 3348 604 3420 Κυρίου...μεθ’
618 3349 693 3418 ὑμῶν.
712 3358 757 3420 59.
798 3347 860 3417 άλη-

940 3346 1003 3423 Ign.
1020 3347 1114 3424 Polyc.
1132 3367 1156 3404 2.

355 3430 422 3486 θείας
431 3429 508 3504 τόπῳ,
518 3430 621 3501 χάριτος
631 3433 736 3485 τελείας.
744 3427 857 3503 Fragm.
899 3433 1048 3500 Χειμερινός.
1071 3432 1169 3502 Χαιροί.
1177 3474 1182 3485 .
1189 3432 1340 3502 ,χειμερινοί
1351 3426 1440 3486 olem.

356 3508 415 3566 viii.
458 3513 485 3565 ἐν
511 3512 604 3585 άμώμιρ
637 3512 722 3582 χάριτι
752 3512 857 3582 χαίρειν.

940 3508 955 3564 I
969 3527 1012 3566 20.

357 3590 421 3667 Ign.
438 3590 511 3666 Eph.
527 3591 615 3648 Inscr.
655 3593 700 3661 τῆν
718 3593 861 3646 ἐνεστῶσαν
901 3595 1005 3659 Χειμάν.
1039 3593 1098 3648 τοῦς
1120 3593 1200 3648 πάλαι
1223 3598 1346 3662 χειμῶνος
1368 3596 1442 3660 μόλις

356 3677 433 3746 χάριν
450 3674 626 3746 άγαπῆσωμεν.
647 3690 690 3727 11.
734 3673 761 3726 ἐν
777 3675 861 3745 χάριτι

939 3677 1098 3745 παραγαγών.
1121 3673 1205 3730 Mart.
1222 3672 1285 3748 Ign.
1306 3691 1328 3729 1.

358 3756 388 3823 έξ
407 3755 527 3822 ὀνόματος
547 3755 712 3825 συνέρχεσθε.
737 3771 781 3809 2ο.
821 3756 861 3808 εὖ·
900 3754 969 3823 Χείρ.
1018 3756 1153 3823 ἐξετείνατε
1180 3758 1225 3811 τὰς
1250 3759 1338 3826 χεῖρας
1364 3757 1440 3824 ῦμῦν.

358 3839 482 3908 λογημίνη
506 3839 532 3890 έν
554 3839 640 3907 χάριτι
664 3839 729 3889 θεοῦ
752 3839 860 3906 Πατρός.

359 3915 455 3992 Magn.
480 3915 568 3972 Inscr.
624 3916 795 3971 ὑποτάσσεται
826 3922 861 3992 τῷ

358 3999 488 4072 ἐπισκάπῳ
502 4001 535 4054 ὡς
548 3999 631 4070 χάριτι
645 4002 719 4052 θεοῦ.
740 4014 763 4053 2.
799 4002 859 4068 ὀμο-

357 4082 482 4151 λογοῦμεν
507 4079 582 4151 χάριν
607 4081 641 4149 μῆ
668 4079 805 4150 είληφέναι.
832 4081 858 4135 8.

359 4162 514 4228 ἐνπνεόμενοι
541 4163 590 4216 ὑπὸ
617 4164 660 4229 τῆς
686 4161 788 4232 χάριτος
815 4162 859 4214 αῦ-

358 4246 412 4296 ταῦ.
434 4241 470 4298 ib.
526 4246 730 4312 πεπληρωμένοις
758 4242 861 4314 χάριτος

360 4327 435 4379 θεοῦ.
458 4323 540 4379 Rom.
564 4322 651 4379 Inscr.
698 4323 787 4394 ε’άιητερ
815 4323 862 4395 χά-

358 4427 428 4475 ριτος
455 4405 575 4475 ἐπιτύχω.
602 4422 624 4459 1.
688 4405 804 4459 Πιστεύω
831 4411 861 4473 τῆ

358 4487 442 4558 χάριτι
456 4486 540 4555 Ἰησοῦ
561 4495 592 4541 Χ.
619 4483 725 4541 Philad.
747 4488 772 4542 8.
816 4491 861 4540 λυ-

359 4569 516 4639 τρωθείησαν
529 4569 556 4621 ἐν
568 4572 599 4638 τῆ
618 4568 702 4639 χάριτι
718 4572 762 4620 τοῦ
775 4568 861 4635 Ἰησοῦ

942 3832 1030 3892 clem
1046 3834 1062 3890 Ι
1077 3853 1100 3891 1.
1143 3839 1235 3908 φυγεῖν
1252 3838 1302 3892 άπὸ
1317 3840 1362 3906 τῆς
1382 3859 1441 3906 κρα-

941 3921 1011 3973 τοῐας
1026 3921 1112 3989 χειρὸς
1128 3920 1213 3972 αὐτοῦ.
1238 3920 1281 3974 28.
1313 3918 1444 3988 άμιάντους

941 4001 1027 4069 χεῖρας
1051 3998 1169 4070 αίροντες.
1193 4017 1237 4070 29.
1289 4004 1344 4057 ταῖς
1367 4003 1444 4071 ίεροῖς

943 4124 966 4134 ..
984 4082 1091 4151 ,χερσίν
1103 4082 1223 4135 ἔπλασεν.
1239 4098 1285 4152 33.
1317 4081 1442 4152 Ὀλοφέρ·

940 4183 983 4228 νην
996 4162 1023 4215 ἐν
1035 4163 1101 4233 χειρὶ
1115 4162 1222 4230 θηλείας.
1240 4176 1285 4233 55.
1314 4164 1340 4217 ἐν
1352 4166 1445 4235 χερσίν

940 4243 1040 4299 ὁοίών.
1064 4241 1097 4299 ΙΙ
1115 4255 1139 4313 7.
1183 4247 1270 4312 Πηλός
1291 4246 1341 4316 γάρ
1364 4246 1446 4315 έσμεν

941 4325 1035 4392 είςτῆν
1050 4329 1122 4397 χεῖρα
1140 4330 1185 4379 τοῦ
1202 4326 1324 4395 τεχνίτου.
1348 4328 1373 4381 8.
1418 4327 1445 4380 ἐν

942 4408 995 4461 ταῖς
1014 4409 1106 4477 χερσίν
1125 4408 1202 4461 αὐτοῦ
1226 4407 1381 4478 διαστραφῆ.
1404 4406 1442 4463 ib.

942 4488 1074 4543 ἐπισείσας
1094 4488 1177 4544 αὐτοῖς
1195 4490 1240 4558 τῆν
1252 4491 1333 4560 χεῖρα.
1356 4487 1442 4545 Mart.

942 4567 1036 4642 Polyc.
1054 4586 1078 4640 9.
1115 4570 1199 4624 ὀπίσω
1212 4572 1257 4626 τὰς
1272 4574 1359 4641 χεῖρας
1371 4570 1443 4640 ποιῆ-

360 4658 392 4705 Χ.
418 4667 461 4705 11.
518 4650 577 4704 τοῦς
599 4649 803 4719 ε’τεροάοξοῦντας
827 4651 862 4704 είς
942 4673 997 4706 σας.
1016 4668 1059 4719 14.

359 4732 405 4800 τῆν
430 4731 505 4801 χάριν
531 4730 615 4798 Ἰησοῦ
642 4738 670 4785 Χ.
698 4728 809 4803 Smyrn.
835 4730 860 4784 6.
902 4736 1064 4800 Χειροτονεῖν,
1119 4735 1295 4802 χειροτονῆσαι
1322 4732 1444 4790 διάκονον.

360 4812 446 4867 Πάντα
459 4811 503 4867 οὖν
515 4813 573 4880 ὑμῖν
586 4813 613 4866 ἐν
624 4812 708 4883 χάριτι
723 4834 860 4882 περισσευ-
944 4810 1005 4887 Ign.
1024 4811 1130 4868 Philad.
1149 4831 1190 4868 10.
1231 4817 1441 4885 χειροτονῆσαι...

360 4894 416 4948 έτω.
440 4913 464 4966 9.
512 4895 557 4947 οὐκ
581 4894 608 4946 ἐκ
631 4894 782 4962 συνειδότος,
804 4892 862 4946 ἀλλ’
943 4894 1139 4966 θεοπρεσβῦτην.
1164 4893 1276 4970 Smyrn.
1296 4913 1338 4950 11.
1393 4919 1448 4967 χει·

361 4976 388 5029 ἐκ
407 4976 510 5046 χάριτος
532 4980 603 5029 θεοῦ.
627 4991 671 5028 11.
713 4974 863 5046 ’λμείψεται
943 4977 1080 5045 ροτονῆσαί
1103 4998 1165 5039 τινα,
1187 4976 1217 5030 όν
1239 4978 1365 5048 ἀγαπητὸν
1388 4980 1447 5031 λίαν

362 5057 437 5109 αὐτὸν
450 5057 465 5125 ῆ
478 5056 558 5128 χάρις.
579 5073 620 5110 12.
653 5055 730 5127 Χάρις
744 5058 807 5124 ῦμῐν.
824 5054 861 5111 ib.
943 5059 1022 5128 ἔχετε.
1046 5056 1138 5131 Polyc.
1156 5070 1181 5129 7.

355 5135 490 5209 ’Ἔρρωσθε
500 5139 527 5190 ἐν
535 5137 618 5209 χάριτι
628 5141 722 5192 θεοῦ.1
729 5155 754 5207 3.
778 5147 864 5208 Παρο-
904 5140 1005 5209 Χείρων.
1042 5138 1065 5193 οί
1079 5143 1120 5192 καὶ
1133 5140 1333 5212 εὐεργετούμενοι
1346 5140 1449 5211 χείρους

362 5221 431 5272 καλῶ
458 5241 489 5272 σε
516 5220 543 5271 ἐν
566 5218 659 5289 χάριτι,
683 5215 700 5286 ᾔ
724 5219 863 5273 ἐνάέδυσαι.
944 5220 1060 5291 γίνονται.
1080 5219 1142 5295 Ign.
1156 5219 1237 5276 Rom.
1252 5238 1276 5293 5.
1306 5222 1404 5290 ῆ...ε’πὶ
1416 5224 1446 5275 τά

363 5297 456 5373 Polyc.
480 5316 502 5353 1.
554 5301 652 5356 Χαλοῦς
681 5299 792 5369 μαθητάς
823 5301 866 5353 ἐάν
944 5302 1022 5373 χείρω
1034 5303 1158 5370 μετάνοια
1181 5300 1265 5359 Mart.
1280 5302 1372 5378 Polyc.
1389 5320 1431 5359 11.
