3250 6617
382 1065 426 1128 32
753 1063 785 1126 S.
809 1061 1066 1126 CLEMENTIS

382 1234 511 1317 ἀνόσιοι
546 1241 741 1333 παθοῦσαι,
776 1239 834 1316 ε’τὶ
865 1234 929 1315 τὸν
959 1240 1023 1335 τῆς
1059 1236 1242 1341 chloreus·
1281 1236 1432 1331 βέβαιον

383 1360 515 1467 δρόμον
542 1363 808 1470 κατήντη[σαν],
839 1364 897 1443 καὶ
920 1362 1054 1457 ἔλαβον
1073 1358 1181 1466 γὲρας
1204 1370 1366 1464 γενναῖον
1393 1368 1431 1442 αἱ

383 1494 543 1577 ἀσθενεῖς
561 1494 612 1600 τῷ
632 1491 783 1590 σώματι.
815 1497 935 1590 Ζῆλος
953 1489 1253 1592 ἀπηλλοτρίωσεν
1270 1489 1429 1591 γαμετὰς

383 1620 533 1721 ἀνδρῶν,
564 1623 622 1700 καὶ
654 1621 859 1718 ἠλλοίωσεν
889 1617 932 1699 τὸ
961 1618 1068 1722 ῥηθὲν
1101 1621 1170 1700 ὑπὸ
1200 1627 1264 1699 τοῦ
1294 1617 1431 1722 πατρὸς

383 1747 483 1847 ἡμῶν
506 1746 639 1846 Ἀδὰμ,
670 1759 692 1795 “
707 1749 851 1853 Toup]
882 1754 944 1825 νῦν
969 1749 1102 1827 ὀστοῦν
1128 1749 1165 1826 ἐκ
1193 1753 1266 1826 τῶν
1293 1745 1463 1837 ὀστέων5

386 1886 413 1922 “
433 1910 514 1973 μον,
538 1878 596 1954 καὶ
618 1874 720 1981 σὰρξ
742 1879 780 1955 ἐκ
807 1879 871 1974 τῆς
898 1872 1034 1977 σαρκός
1060 1874 1165 1973 μον.”
1224 1879 1345 1974 Ζῆλος
1372 1879 1430 1953 καὶ

383 2002 453 2107 ἔρις
479 2000 599 2088 πόλεις
624 2001 786 2106 μεγάλας
812 2001 1067 2110 κατέστρεψεν,
1094 2005 1152 2082 καὶ
1178 2003 1259 2102 ἔθνη
1287 2000 1431 2104 μεγάλα

383 2128 622 2234 ἐξερρίζωσεν.

441 2255 496 2339 Z'.
526 2266 664 2356 Ταῦτα,
685 2260 875 2360 ἀγαπητοί,
897 2261 938 2339 οῦ
954 2258 1064 2358 μόνον
1083 2263 1173 2358 ὑμᾶς
1190 2265 1430 2345 νουθετοῦντες

382 2463 575 2540 conjecturam
608 2463 664 2520 viri
700 2463 885 2523 eruditissimi
926 2462 1146 2540 diaexemplum
1159 2462 1287 2625 proponi

384 2543 583 2621 Chiistophori
596 2544 793 2604 Wordsworth
807 2548 886 2603 νεανί-
965 2545 1004 2603 ib.
1025 2547 1161 2616 αἰκίσματα
1199 2543 1244 2603 cf.
1259 2543 1364 2603 Euaeb.
1388 2544 1427 2603 H.

382 2629 431 2697 δας,
455 2628 585 2683 παιδίσκαι
611 2627 776 2703 reponentin
786 2647 796 2699 3
829 2627 886 2685 uini
927 2625 960 2685 Ε.
976 2626 1025 2684 viii
1044 2644 1077 2683 11
1094 2633 1124 2685 et
1141 2645 1185 2697 14.

383 2705 522 2772 Ruchato‚
552 2707 693 2766 Ruinarto
714 2708 778 2767 Act.
809 2708 884 2767 Sino.
971 2727 995 2766 1.
1010 2703 1249 2787 turricolam]
1273 2711 1317 2778 τῆς
1331 2707 1429 2767 omisit

383 2787 468 2847 Mart.
491 2809 519 2866 p.
532 2807 558 2861 a,
579 2797 609 2847 et
622 2788 884 2862 Windiechmanno‚
925 2789 1087 2861 Wottonua‚
1101 2795 1211 2866 etpost
1230 2807 1297 2846 eum
1311 2787 1428 2847 Gallan·

382 2888 409 2946 p.
426 2872 474 2944 56,
488 2870 642 2930 concedere
655 2870 725 2929 velia
745 2870 815 2929 haec
834 2891 885 2929 no-
925 2870 996 2929 diun.
1039 2870 1160 2948 Legitur
1182 2876 1280 2928 autem
1303 2869 1334 2927 in
1356 2869 1426 2929 cod

381 2951 460 3009 mina
483 2953 513 3009 in
532 2959 699 3010 contextum
718 2971 736 3009 a
755 2953 885 3029 margine
926 2951 1019 3011 MSto.
1061 2951 1175 3025 lunius,
1195 2950 1289 3010 deleta
1308 2971 1428 3029 praepo

380 3032 534 3110 irrepsisse.
577 3032 631 3092 Oui
654 3033 771 3111 quidem
795 3035 885 3092 errori
925 3033 1038 3106 sitione,
1058 3033 1165 3106 mallet,
1185 3037 1229 3089 τὸν
1248 3037 1293 3104 τῆς
1315 3035 1429 3093 πίστεως

380 3113 485 3174 Juniua
505 3115 665 3192 ennepioetur
683 3133 782 3173 annam
804 3135 885 3193 prae-
924 3116 1031 3182 βέβαιον
1050 3118 1144 3188 δρόμον
1162 3115 1304 3185 norim
1322 3113 1427 3192 legere,

379 3195 475 3255 buiaae
503 3196 591 3256 Olem
614 3195 696 3255 Alex
722 3196 882 3270 lectionem,
923 3195 1075 3255 alludendo
1095 3195 1132 3254 ad
1152 3195 1223 3254 illud
1242 3196 1279 3254 D.
1295 3194 1377 3254 Pauli
1397 3197 1427 3254 in

380 3277 430 3353 qui
457 3278 487 3335 iv
512 3277 619 3337 Strom.
645 3278 660 3354 δ
679 3297 723 3353 19,
751 3297 798 3355 pp.
815 3279 882 3352 617,
924 3277 1054 3355 Epistola
1066 3276 1429 3337 aecundaadTimotheum

382 3359 440 3416 618
468 3359 511 3418 ed
541 3359 647 3418 Pottcr.
677 3359 747 3417 dum
777 3359 884 3435 repetit
923 3358 999 3433 iv7;
1013 3359 1345 3418 veldm'inehmutatum
1355 3358 1427 3432 vult,

381 3458 454 3516 quae
467 3439 541 3498 infra
555 3441 607 3499 sub
621 3440 708 3498 linem
721 3440 806 3517 huju·
815 3440 884 3517 Epi·
923 3445 957 3498 ut
977 3440 1053 3498 infra
1066 3440 1081 3515 ξ
1093 3459 1140 3515 23,
1155 3442 1190 3500 tle
1203 3443 1323 3513 πέπειραν
1336 3464 1426 3497 κατω-

381 3521 472 3580 atolae
489 3521 638 3594 hahentur,
654 3522 669 3598 δ
680 3535 727 3598 55,
749 3529 779 3581 et
798 3521 884 3599 hujus
923 3528 963 3594 τᾷ,
974 3529 1005 3580 et
1018 3529 1052 3581 ut
1066 3521 1102 3580 D.
1116 3521 1221 3580 Paulus
1233 3522 1271 3580 ad
1281 3520 1387 3598 Ephea
1397 3522 1427 3580 iv

382 3601 436 3660 loci
448 3605 579 3678 ἐξηγητικά
592 3611 667 3676 sunt,
676 3612 742 3680 post
752 3603 884 3680 exempla
928 3622 972 3677 13,
994 3603 1079 3661 etad
1100 3603 1221 3680 Philipp.
1237 3602 1269 3660 iii
1287 3621 1331 3661 11.
1373 3603 1426 3661 Ni-

382 3683 485 3743 Judith
506 3693 536 3744 et
550 3684 662 3752 Esther,
677 3685 757 3743 addit
778 3705 794 3744 e
818 3706 883 3762 pro
923 3683 965 3741 hil
978 3694 1074 3743 autem
1084 3684 1427 3744 mutandumrectevidit

381 3765 476 3842 phana
491 3765 611 3825 historia
630 3775 660 3826 et
672 3775 823 3843 poetarum
843 3768 883 3824 la·
924 3765 1086 3838 WottonuS‚
1107 3765 1156 3844 qui
1178 3765 1287 3825 confert
1308 3765 1427 3843 Cypria·

381 3846 464 3918 bulis,
485 3847 604 3907 fortium
629 3848 783 3906 mulierum
809 3848 884 3907 facta
924 3867 995 3905 num
1012 3848 1120 3925 [Epist.
1135 3846 1164 3905 vi
1178 3847 1221 3906 ed
1238 3843 1323 3927 Fell]
1356 3847 1427 3907 ‘Be-

382 3929 526 3998 nonnulla,
537 3949 609 4006 quae
622 3929 740 4007 gladios,
754 3931 843 4007 ignea,
854 3937 884 3989 et
925 3932 933 3960 ‘
947 3936 1009 3987 atae
1029 3929 1115 3987 etiam
1129 3928 1275 4001 foeminae,
1289 3947 1363 4006 quae
1377 3948 1427 3988 vo

382 4018 591 4070 tormentorum
631 4010 782 4082 cruciatus,
817 4031 884 4069 oon·
925 4010 1057 4068 ‘hiscum
1070 4016 1137 4070 aunt
1149 4010 1181 4068 in
1199 4010 1299 4069 eadem
1318 4010 1428 4070 confec-

381 4092 470 4151 utanti
493 4092 589 4150 animo
616 4099 646 4150 et
668 4091 794 4150 masculo
818 4112 884 4151 oon-
925 4091 1034 4150 ‘aionis
1050 4091 1142 4169 gloria
1159 4091 1339 4164 constitutae,
1353 4111 1427 4170 quae

380 4179 568 4250 tempnerunt,
583 4171 672 4253 (quod
692 4173 780 4232 etiam
800 4173 830 4230 in
851 4173 884 4231 li·
925 4177 934 4205 ‘
947 4172 1128 4232 Dominicam
1140 4173 1228 4232 fidem
1242 4180 1382 4246 tenentes,
1396 4181 1426 4233 et

380 4254 434 4313 bro
460 4255 497 4313 ad
520 4254 671 4331 Martyres,
695 4259 756 4326 §4-
778 4273 796 4312 a
816 4253 885 4313 Ter·
925 4258 1016 4312 ‘nexu
1033 4274 1084 4313 auo
1102 4254 1243 4327 fortiores,
1256 4274 1315 4313 non
1333 4254 1427 4314 nolum

380 4336 501 4395 tulliano
519 4336 627 4394 iactum
646 4355 707 4395 asae
727 4335 884 4413 deprehen·
925 4336 1025 4412 ‘ipsae
1052 4336 1090 4394 ad
1117 4355 1251 4394 coronam
1277 4335 1427 4413 proximae

380 4416 472 4497 ditur)
480 4418 556 4477 inter
569 4437 647 4495 quan,
655 4416 749 4475 Danai
762 4417 843 4490 filiae,
853 4426 883 4477 et
927 4421 1025 4490 ‘sunt
1046 4417 1096 4476 aed
1119 4424 1150 4476 et
1173 4416 1292 4477 caeteris
1312 4436 1427 4496 quoque

381 4498 519 4558 Danaidis
552 4507 698 4559 auctorem
732 4507 884 4566 memorat,
926 4497 1079 4557 ‘foeminis
1112 4498 1276 4577 exemplum
1306 4498 1343 4558 de
1375 4518 1428 4558 aua

380 4581 430 4657 qui
451 4581 564 4639 illarum
589 4581 738 4640 historiam
759 4581 884 4639 carmine
926 4580 1107 4639 ‘constantia
1120 4579 1329 4657 praebuerunt'

380 4661 493 4721 heroico
507 4663 680 4740 conscripsit.
713 4661 883 4721 Audiendus
966 4681 991 4719 2.
1020 4667 1045 4718 ol
1071 4658 1199 4741 ἀσθενεῖς]
1227 4661 1361 4739 cyprian.
1391 4661 1428 4721 de

379 4751 476 4802 autem
496 4744 613 4802 omnino
633 4751 676 4802 est
695 4743 815 4814 Birrius,
834 4746 882 4821 qui
923 4742 1032 4820 Iapeia,
1046 4764 1073 4820 p.
1088 4762 1143 4801 122
1158 4742 1190 4801 T.
1210 4742 1254 4801 ed.
1270 4742 1341 4815 Fell,
1356 4743 1428 4803 ‘soe-

380 4833 480 4883 oontra
506 4833 612 4895 monet,
637 4824 738 4883 Diroea
766 4825 883 4902 quidem
923 4825 1039 4883 ‘minae
1052 4844 1169 4902 ...quae
1182 4823 1429 4885 cumsaeculodi·

379 4906 555 4964 mentionem
574 4906 683 4964 nullam
702 4906 764 4966 fieri
785 4906 883 4966 acle-
924 4905 1084 4965 ‘micantea
1097 4926 1198 4965 auxum
1218 4925 1332 4985 quoque
1352 4906 1428 4966 vioe·

379 4994 476 5046 mente
505 4988 708 5060 Alexandrino,
738 4988 883 5047 Danaidae
922 4988 1030 5047 ‘runt'

378 5087 447 5127 vcro
457 5069 555 5127 nonin
565 5069 882 5146 patientiae,eedauda-
964 5083 990 5143 5.
1012 5066 1123 5151 Τοῦτ[ο]
1148 5071 1297 5128 νΐοόσταῦν
1310 5072 1338 5127 le
1357 5067 1422 5164 νῦν]

379 5149 439 5208 cicc
451 5150 598 5209 muliebria
612 5151 642 5209 in
656 5152 743 5209 armis
755 5159 882 5211 tractan-
922 5150 970 5211 Ita
983 5150 1053 5210 cod.
1069 5150 1151 5210 Alex.
1164 5150 1235 5212 Gan.
1250 5151 1279 5224 ii,
1293 5150 1361 5211 licet
1374 5151 1426 5210 ah·
