3250 6617
527 1094 591 1158 AD
613 1095 905 1174 CORINTHIOS,
921 1097 986 1160 viii.
1236 1098 1274 1159 41

233 1288 279 1337 eu
293 1275 366 1337 toto
389 1260 500 1337 corde
520 1262 686 1337 conuersi
702 1263 862 1362 fueritis
887 1278 920 1337 et
945 1262 1130 1352 dixeritis,
1148 1265 1276 1350 Pater,
1290 1287 1343 1335 ser.
1358 1287 1384 1335 n
1400 1303 1435 1353 19.

232 1390 413 1477 tauquam
423 1380 566 1478 populo
583 1392 709 1454 coiecto
726 1406 858 1454 uticem
875 1380 975 1454 uobis
986 1382 1180 1479 praebebo,
1226 1380 1277 1453 Et

232 1496 272 1569 in
304 1495 377 1571 alio
409 1496 497 1583 1000,
526 1498 578 1571 sie
611 1496 710 1584 dicit,
745 1497 960 1585 Lunumiui,
994 1497 1128 1570 uniendi
1162 1511 1276 1584 estote,
1291 1522 1357 1572 nn.
1371 1524 1380 1571 i
1395 1522 1424 1573 16

232 1613 378 1711 anscote
394 1614 497 1688 uiola
514 1640 559 1687 ex
575 1612 774 1687 uiiiuiobus
796 1614 926 1688 uestris
949 1613 996 1688 ob
1023 1614 1139 1689 oculis
1162 1613 1276 1699 meio,-
1290 1604 1363 1639 '²⁰‘

233 1729 407 1827 quiescite
429 1758 456 1805 α
479 1730 639 1805 ouo-litiis
663 1730 802 1818 uestris
826 1730 957 1806 discite
973 1732 1108 1830 feicere
1135 1732 1276 1818 bouum,

233 1845 400 1944 quae-tite
427 1845 631 1947 judicium,
666 1846 819 1921 liberate
854 1874 1080 1945 oppressu-uu,
1105 1846 1277 1945 judicate

228 1962 391 2063 pupillo,
409 1978 441 2037 ot
457 1964 660 2063 justificato
684 1963 862 2039 oid-uum:
891 1978 922 2038 ct
948 1964 1075 2049 uenite,
1097 1965 1277 2062 colloquo-

232 2106 330 2167 ιιι-ιιι,
347 2079 441 2155 dicit
457 2081 668 2156 Dominus:
696 2080 786 2155 etsi
801 2081 952 2180 fuer-int
973 2095 1131 2179 peccatu
1156 2095 1277 2156 uestra

233 2196 344 2295 pelusi
362 2197 613 2297 phoenicium,
630 2198 726 2273 sicut
751 2198 873 2272 niueos
896 2198 1083 2285 deulliulio,
1102 2212 1134 2273 et
1159 2198 1193 2272 si
1208 2200 1277 2297 su

234 2312 331 2389 crint
359 2327 400 2388 ut
428 2315 627 2403 coccinum,
650 2316 745 2390 sie-ut
774 2317 904 2390 lentant
930 2314 1115 2390 dealbabit.
1168 2316 1278 2390 Etsi

232 2430 424 2506 uolueritis
439 2446 472 2506 et
489 2431 692 2507 audieritis
707 2460 775 2520 mc,
794 2433 889 2506 bonu
916 2446 1038 2506 ter-rue
1059 2432 1276 2517 emendetit,-

232 2547 268 2623 εἰ
283 2563 406 2625 utitem
421 2549 625 2637 uolueritis,
639 2577 753 2648 uoq-ue
766 2548 1036 2623 euti-udiucoitis
1048 2576 1114 2636 uie,
1124 2549 1277 2646 pletdius

233 2662 424 2739 devorabit
440 2692 528 2740 uos:
556 2691 596 2739 os
612 2665 711 2739 euim
727 2664 889 2739 Domini
907 2666 1094 2763 loquutu-ui
1111 2680 1160 2739 est
1178 2666 1275 2740 boec.

233 2780 373 2856 Volens
412 2783 530 2883 igitur
562 2808 686 2855 omnes
723 2782 875 2856 dilectos
909 2809 995 2856 suos
1029 2783 1276 2881 poenitentiae

231 2900 428 2999 participes
454 2898 543 2987 fieri,
570 2899 821 2998 omnipotente
851 2926 918 2973 sua
946 2899 1137 2974 voluntate
1165 2900 1276 2974 stabi-

232 3012 323 3088 livit

231 3274 274 3327 ost
287 3286 340 3325 eur
351 3266 422 3327 haee
438 3287 476 3326 ex
488 3267 668 3345 Apocryphis
683 3287 732 3344 pe·
774 3267 861 3326 modo
884 3267 985 3344 legisse
1010 3266 1091 3325 Lxx
1116 3268 1186 3327 Intt.
1210 3266 1277 3326 lieet

232 3348 287 3407 tite
307 3348 395 3407 sitisse
414 3349 633 3421 existimemus5
664 3350 733 3407 Pro·
775 3348 840 3406 Ald.
856 3348 959 3407 habent
973 3353 1152 3423 διαλεχθῶμεν.
1184 3348 1274 3424 Chry-

231 3430 345 3507 phetiae
378 3450 493 3489 sensum
525 3430 642 3489 exhibet
669 3430 734 3489 Ole-
774 3437 917 3488 sostomus
938 3441 968 3490 et
984 3431 1104 3488 Basilius
1124 3430 1276 3508 proculdu-

232 3530 312 3571 mens
334 3512 431 3571 verbis
457 3512 585 3584 mutatis,
606 3520 640 3571 ut
661 3512 735 3571 vidit
774 3511 823 3569 bio
838 3511 970 3588 legomnt
984 3515 1177 3587 διελεγχθῶμεν.
1206 3511 1275 3569 Ter·

232 3592 373 3653 Potterun
774 3592 919 3664 tullianus,
948 3594 977 3651 in
1011 3594 1084 3652 libro
1119 3593 1212 3670 primo
1239 3593 1277 3651 nd

276 3694 298 3733 1.
314 3676 496 3749 μελωώτεραι]
520 3674 569 3733 sie
583 3674 652 3734 Ood.
668 3674 731 3733 MS.
775 3674 914 3745 Uxorem,
931 3673 958 3754 [§
974 3678 1006 3750 8]
1035 3675 1131 3733 Venite
1153 3675 1276 3749 dispute-

231 3754 317 3815 Hnne
346 3756 468 3815 sormam
501 3756 589 3815 habes
621 3757 735 3833 saepius
773 3767 910 3815 utus—et
925 3757 954 3813 in
968 3756 1041 3814 libro
1061 3764 1164 3833 quarto
1177 3764 1278 3813 contra

230 3837 308 3913 opud
334 3838 425 3911 Lxx,
452 3844 483 3896 et
508 3838 586 3916 apud
613 3839 731 3897 Strabo·
774 3837 959 3909 Marcionem,
980 3836 1007 3918 [ξ
1023 3840 1071 3912 14]
1096 3838 1190 3895 Venite
1210 3858 1277 3894 cou-

230 3938 305 3992 nem,
318 3920 369 3978 xvi
384 3920 399 3995 5
414 3938 458 3980 12.
773 3919 913 3977 cilionem.
951 3919 1036 3997 Legit
1063 3919 1219 3995 posteriore
1246 3918 1277 3975 in

272 4020 299 4075 3.
323 4004 358 4061 ὃς
375 4006 441 4057 λαοῦ
463 4004 558 4076 bylon]
580 4000 650 4059 (lod.
666 4001 731 4059 MS.
773 4001 836 4059 loco
847 4005 1046 4074 διαλλαχθῶμεν.
1058 4000 1180 4058 WOTT.
1202 4000 1274 4058 Ver·

231 4080 348 4141 exhibet
380 4091 535 4155 ΔΑΩΑΓΙΩ,
563 4102 649 4159 quam
675 4082 732 4141 leo·
773 4082 816 4140 sio
840 4083 964 4160 Vulgata
988 4082 1104 4141 exhibet
1133 4082 1228 4141 l'ouite
1251 4091 1276 4139 ct

230 4162 340 4223 tionem
366 4163 409 4223 ita
441 4162 639 4241 corrigendam
671 4184 732 4223 esso
772 4165 886 4238 orpuite
928 4186 979 4237 iiio,
1016 4165 1087 4221 dicit
1121 4164 1273 4221 Dominus.

229 4244 365 4303 viderunt
388 4244 512 4304 editores
534 4264 640 4303 omnes.
684 4246 732 4303 Sic
774 4244 843 4303 cod.
875 4245 958 4304 Alex.
988 4250 1029 4302 καὶ
1060 4249 1131 4301 δεῦτε
1164 4248 1204 4300 καὶ
1239 4247 1274 4300 δι-

232 4324 320 4385 Glem.
336 4326 420 4385 Alex.
436 4345 549 4403 quoque
562 4326 733 4385 hoecverbo
772 4330 942 4401 ελεγχθῶμιν.
973 4326 1043 4386 Ood.
1058 4327 1124 4384 Vat.
1140 4330 1180 4381 καὶ
1194 4328 1273 4392 δεῦτε,

229 4406 328 4467 laudnt
341 4408 464 4485 Puellag.
479 4407 489 4465 i
507 4426 551 4479 10,
568 4427 596 4485 p.
615 4422 670 4481 152
686 4408 729 4467 ed.
771 4411 948 4481 διελεχθῶμεν.

230 4488 338 4549 Potter.
822 4490 858 4547 ib.
895 4486 977 4570 λέγει]
1034 4488 1210 4547 Colomosius
1245 4494 1275 4547 et

271 4589 298 4647 9.
326 4565 588 4651 ῒ[δι]ιλεχθόμενῒ]
626 4570 674 4629 Iti
702 4590 732 4629 se
772 4570 893 4646 Freyius
911 4572 940 4628 in
958 4578 1094 4629 contextu
1115 4570 1225 4627 addunt
1239 4589 1274 4627 ex

228 4650 315 4711 habet
325 4650 427 4711 (todex
435 4650 539 4711 MStus
547 4650 602 4711 hoc
612 4650 643 4709 in
653 4652 731 4722 loeo;
773 4652 854 4709 LXX
879 4658 893 4708 t
919 4654 1017 4725 Κύριος,
1037 4672 1107 4728 quos
1130 4672 1213 4710 voees
1237 4651 1274 4709 nd

227 4740 259 4793 nt
272 4732 375 4791 Ennii
394 4736 438 4805 18,
452 4736 638 4807 διιλιγθῶμενι
659 4734 731 4792 adeo
772 4754 852 4791 orani
876 4734 941 4791 libri
966 4734 1102 4792 exhibent
1125 4733 1220 4791 Fellus
1244 4741 1275 4792 et

228 4822 262 4873 ut
273 4822 399 4892 utroque
418 4814 449 4872 in
467 4814 531 4873 loeo
543 4814 625 4873 focile
637 4816 730 4874 oredi-
772 4815 947 4874 Gollnndius.

227 4894 320 4955 datm
339 4895 494 4973 legendnm
507 4916 568 4955 esse
581 4916 647 4955 cnm
661 4898 727 4957 Vnt.
816 4916 859 4970 17.
882 4897 999 4967 ἐστὴμιξε
1014 4919 1036 4952 κ.
1046 4921 1070 4953 τ.
1080 4898 1121 4971 λ.]
1147 4895 1273 4954 Effotum

228 4976 300 5037 cod.
325 4980 522 5053 διιλιγχθόμν,
551 4978 605 5053 [sio
631 4978 728 5057 legen·
769 4977 849 5046 illud,
872 4977 948 5035 Nolo
971 4988 1091 5047 mortem
1109 4978 1272 5053 peccatoris,

227 5056 305 5117 (lum.
327 5058 457 5135 CLER]
497 5058 528 5116 in
554 5059 645 5119 altero
667 5060 731 5119 loco
770 5061 818 5117 bc.
851 5060 929 5118 Deus
939 5060 1104 5135 juramento
1118 5058 1271 5119 roborsiit.

228 5140 334 5201 omisso
359 5166 387 5215 γ,
413 5140 444 5199 in
471 5140 563 5201 altero
588 5166 615 5215 χ,
640 5148 669 5201 et
696 5162 730 5201 eo
772 5140 987 5200 HEFELIUS.

269 5256 337 5299 von.
353 5258 374 5299 1.
904 5257 922 5297 G
