<?xml version="1.0" encoding="UTF-8"?>
<!DOCTYPE html PUBLIC "-//W3C//DTD XHTML 1.0 Transitional//EN"
    "http://www.w3.org/TR/xhtml1/DTD/xhtml1-transitional.dtd">
<html xmlns="http://www.w3.org/1999/xhtml" xml:lang="en" lang="en">
 <head>
  <title>
</title>
<meta http-equiv="Content-Type" content="text/html;charset=utf-8" />
  <meta name='ocr-system' content='tesseract 3.04.00' />
  <meta name='ocr-capabilities' content='ocr_page ocr_carea ocr_par ocr_line ocrx_word'/>
</head>
<body>
  <div class='ocr_page' id='page_1' title='image "./sclementisroman00polygoog/sclementisroman00polygoog_0171.png"; bbox 0 0 3250 6617; ppageno 0'>
   <div class='ocr_carea' id='block_1_1' title="bbox 489 1072 1262 1151">
    <p class='ocr_par' dir='ltr' id='par_1_1' title="bbox 489 1072 1262 1151">
     <span class='ocr_line' id='line_1_1' title="bbox 489 1072 1262 1151; baseline -0.003 -14"><span class='ocrx_word' id='word_1_1' title='bbox 489 1072 549 1137; x_wconf 83' lang='lat' dir='ltr'>AD</span> <span class='ocrx_word' id='word_1_2' title='bbox 572 1072 854 1151; x_wconf 81' lang='lat' dir='ltr'><strong>CORINTHIOS,</strong></span> <span class='ocrx_word' id='word_1_3' title='bbox 877 1072 941 1151; x_wconf 86' lang='lat' dir='ltr'>xix,</span> <span class='ocrx_word' id='word_1_4' title='bbox 957 1096 1008 1136; x_wconf 85' lang='lat' dir='ltr'>xx.</span> <span class='ocrx_word' id='word_1_5' title='bbox 1221 1076 1262 1136; x_wconf 88' lang='grc'>85</span> 
     </span>
    </p>
   </div>
   <div class='ocr_carea' id='block_1_2' title="bbox 213 1242 1266 2746">
    <p class='ocr_par' dir='ltr' id='par_1_2' title="bbox 213 1242 1266 2746">
     <span class='ocr_line' id='line_1_2' title="bbox 270 1242 1263 1347; baseline 0.001 -29"><span class='ocrx_word' id='word_1_6' title='bbox 270 1242 377 1319; x_wconf 78' lang='lat' dir='ltr'>XIX</span> <span class='ocrx_word' id='word_1_7' title='bbox 404 1244 548 1320; x_wconf 85' lang='lat' dir='ltr'>Talium</span> <span class='ocrx_word' id='word_1_8' title='bbox 573 1246 689 1347; x_wconf 85' lang='lat' dir='ltr'>igitur</span> <span class='ocrx_word' id='word_1_9' title='bbox 717 1256 757 1321; x_wconf 92' lang='lat' dir='ltr'>et</span> <span class='ocrx_word' id='word_1_10' title='bbox 781 1256 981 1333; x_wconf 88' lang='lat' dir='ltr'>tantorum,</span> <span class='ocrx_word' id='word_1_11' title='bbox 1007 1246 1070 1344; x_wconf 91' lang='lat' dir='ltr'>qui</span> <span class='ocrx_word' id='word_1_12' title='bbox 1092 1256 1169 1319; x_wconf 88' lang='lat' dir='ltr'>tam</span> <span class='ocrx_word' id='word_1_13' title='bbox 1194 1245 1263 1320; x_wconf 86' lang='lat' dir='ltr'>cla-</span> 
     </span>
     <span class='ocr_line' id='line_1_3' title="bbox 215 1361 1266 1463; baseline 0.002 -29"><span class='ocrx_word' id='word_1_14' title='bbox 215 1388 302 1435; x_wconf 90' lang='lat' dir='ltr'>rum</span> <span class='ocrx_word' id='word_1_15' title='bbox 335 1361 496 1463; x_wconf 86' lang='lat' dir='ltr'>elogium</span> <span class='ocrx_word' id='word_1_16' title='bbox 528 1364 744 1463; x_wconf 78' lang='lat' dir='ltr'><strong>consequuti</strong></span> <span class='ocrx_word' id='word_1_17' title='bbox 777 1374 876 1450; x_wconf 91' lang='lat' dir='ltr'>sunt,</span> <span class='ocrx_word' id='word_1_18' title='bbox 903 1362 1093 1437; x_wconf 80' lang='lat' dir='ltr'>humilitas</span> <span class='ocrx_word' id='word_1_19' title='bbox 1127 1373 1167 1437; x_wconf 88' lang='lat' dir='ltr'>et</span> <span class='ocrx_word' id='word_1_20' title='bbox 1199 1390 1266 1462; x_wconf 91' lang='lat' dir='ltr'>per</span> 
     </span>
     <span class='ocr_line' id='line_1_4' title="bbox 216 1477 1265 1579; baseline 0.002 -26"><span class='ocrx_word' id='word_1_21' title='bbox 216 1477 465 1554; x_wconf 86' lang='lat' dir='ltr'>obedientiam</span> <span class='ocrx_word' id='word_1_22' title='bbox 499 1480 686 1579; x_wconf 88' lang='lat' dir='ltr'>subjectio,</span> <span class='ocrx_word' id='word_1_23' title='bbox 720 1509 795 1554; x_wconf 93' lang='lat' dir='ltr'>non</span> <span class='ocrx_word' id='word_1_24' title='bbox 828 1490 974 1555; x_wconf 89' lang='lat' dir='ltr'>tantum</span> <span class='ocrx_word' id='word_1_25' title='bbox 1008 1507 1084 1567; x_wconf 90' lang='lat' dir='ltr'>nos,</span> <span class='ocrx_word' id='word_1_26' title='bbox 1118 1480 1183 1554; x_wconf 88' lang='lat' dir='ltr'>sed</span> <span class='ocrx_word' id='word_1_27' title='bbox 1225 1491 1265 1555; x_wconf 91' lang='lat' dir='ltr'>et</span> 
     </span>
     <span class='ocr_line' id='line_1_5' title="bbox 216 1597 1263 1697; baseline 0.001 -26"><span class='ocrx_word' id='word_1_28' title='bbox 216 1605 307 1671; x_wconf 86' lang='lat' dir='ltr'>anta</span> <span class='ocrx_word' id='word_1_29' title='bbox 322 1622 390 1670; x_wconf 91' lang='lat' dir='ltr'>nos</span> <span class='ocrx_word' id='word_1_30' title='bbox 405 1597 658 1697; x_wconf 80' lang='lat' dir='ltr'>generationes</span> <span class='ocrx_word' id='word_1_31' title='bbox 675 1597 840 1672; x_wconf 86' lang='lat' dir='ltr'>meliores</span> <span class='ocrx_word' id='word_1_32' title='bbox 856 1597 1027 1684; x_wconf 80' lang='lat' dir='ltr'>reddidit,</span> <span class='ocrx_word' id='word_1_33' title='bbox 1044 1624 1106 1671; x_wconf 90' lang='lat' dir='ltr'>eos</span> <span class='ocrx_word' id='word_1_34' title='bbox 1122 1625 1263 1697; x_wconf 90' lang='lat' dir='ltr'>nempe,</span> 
     </span>
     <span class='ocr_line' id='line_1_6' title="bbox 216 1712 1263 1814; baseline 0.004 -29"><span class='ocrx_word' id='word_1_35' title='bbox 216 1712 284 1811; x_wconf 91' lang='lat' dir='ltr'>qui</span> <span class='ocrx_word' id='word_1_36' title='bbox 301 1712 341 1785; x_wconf 91' lang='lat' dir='ltr'>in</span> <span class='ocrx_word' id='word_1_37' title='bbox 356 1712 488 1787; x_wconf 87' lang='lat' dir='ltr'>timore</span> <span class='ocrx_word' id='word_1_38' title='bbox 506 1723 545 1787; x_wconf 90' lang='lat' dir='ltr'>et</span> <span class='ocrx_word' id='word_1_39' title='bbox 560 1715 718 1789; x_wconf 86' lang='lat' dir='ltr'>veritate</span> <span class='ocrx_word' id='word_1_40' title='bbox 743 1714 824 1814; x_wconf 86' lang='lat' dir='ltr'>ejus</span> <span class='ocrx_word' id='word_1_41' title='bbox 849 1714 993 1813; x_wconf 88' lang='lat' dir='ltr'>eloquia</span> <span class='ocrx_word' id='word_1_42' title='bbox 1017 1725 1263 1813; x_wconf 88' lang='lat' dir='ltr'>susceperunt.</span> 
     </span>
     <span class='ocr_line' id='line_1_7' title="bbox 218 1826 1264 1931; baseline 0.002 -29"><span class='ocrx_word' id='word_1_43' title='bbox 218 1826 344 1921; x_wconf 84' lang='lat' dir='ltr'>Quare</span> <span class='ocrx_word' id='word_1_44' title='bbox 368 1828 570 1904; x_wconf 75' lang='lat' dir='ltr'>mrdtorum</span> <span class='ocrx_word' id='word_1_45' title='bbox 594 1858 884 1931; x_wconf 80' lang='lat' dir='ltr'>magnorumque</span> <span class='ocrx_word' id='word_1_46' title='bbox 912 1841 951 1905; x_wconf 88' lang='lat' dir='ltr'>et</span> <span class='ocrx_word' id='word_1_47' title='bbox 976 1830 1174 1905; x_wconf 72' lang='lat' dir='ltr'>illustrium</span> <span class='ocrx_word' id='word_1_48' title='bbox 1203 1859 1264 1905; x_wconf 89' lang='lat' dir='ltr'>ex-</span> 
     </span>
     <span class='ocr_line' id='line_1_8' title="bbox 217 1944 1265 2047; baseline 0.005 -29"><span class='ocrx_word' id='word_1_49' title='bbox 217 1944 434 2045; x_wconf 88' lang='lat' dir='ltr'>emplarium</span> <span class='ocrx_word' id='word_1_50' title='bbox 454 1946 651 2047; x_wconf 77' lang='lat' dir='ltr'>participes</span> <span class='ocrx_word' id='word_1_51' title='bbox 672 1948 771 2036; x_wconf 81' lang='lat' dir='ltr'>facti,</span> <span class='ocrx_word' id='word_1_52' title='bbox 788 1949 836 2022; x_wconf 89' lang='lat' dir='ltr'>ad</span> <span class='ocrx_word' id='word_1_53' title='bbox 862 1949 961 2047; x_wconf 87' lang='lat' dir='ltr'>pacis</span> <span class='ocrx_word' id='word_1_54' title='bbox 986 1975 1136 2047; x_wconf 76' lang='lat' dir='ltr'>scoprmr</span> <span class='ocrx_word' id='word_1_55' title='bbox 1161 1948 1265 2023; x_wconf 87' lang='lat' dir='ltr'>nobis</span> 
     </span>
     <span class='ocr_line' id='line_1_9' title="bbox 217 2057 1265 2152; baseline 0.003 -20"><span class='ocrx_word' id='word_1_56' title='bbox 217 2058 267 2133; x_wconf 88' lang='lat' dir='ltr'>ab</span> <span class='ocrx_word' id='word_1_57' title='bbox 294 2057 401 2133; x_wconf 90' lang='lat' dir='ltr'>initio</span> <span class='ocrx_word' id='word_1_58' title='bbox 430 2060 613 2135; x_wconf 87' lang='lat' dir='ltr'>traditum</span> <span class='ocrx_word' id='word_1_59' title='bbox 641 2089 892 2152; x_wconf 68' lang='lat' dir='ltr'>recturamus3</span> <span class='ocrx_word' id='word_1_60' title='bbox 921 2090 963 2137; x_wconf 90' lang='lat' dir='ltr'>ac</span> <span class='ocrx_word' id='word_1_61' title='bbox 992 2063 1109 2137; x_wconf 90' lang='lat' dir='ltr'>totius</span> <span class='ocrx_word' id='word_1_62' title='bbox 1136 2063 1265 2136; x_wconf 81' lang='lat' dir='ltr'>mrmdi</span> 
     </span>
     <span class='ocr_line' id='line_1_10' title="bbox 214 2179 1265 2279; baseline 0.003 -30"><span class='ocrx_word' id='word_1_63' title='bbox 214 2184 408 2275; x_wconf 86' lang='lat' dir='ltr'>parentem</span> <span class='ocrx_word' id='word_1_64' title='bbox 424 2186 465 2251; x_wconf 89' lang='lat' dir='ltr'>et</span> <span class='ocrx_word' id='word_1_65' title='bbox 480 2186 680 2253; x_wconf 86' lang='lat' dir='ltr'>creatorem</span> <span class='ocrx_word' id='word_1_66' title='bbox 702 2179 899 2279; x_wconf 79' lang='lat' dir='ltr'>diligenter</span> <span class='ocrx_word' id='word_1_67' title='bbox 915 2180 1135 2265; x_wconf 91' lang='lat' dir='ltr'>intueamur,</span> <span class='ocrx_word' id='word_1_68' title='bbox 1152 2188 1265 2278; x_wconf 88' lang='lat' dir='ltr'>atque</span> 
     </span>
     <span class='ocr_line' id='line_1_11' title="bbox 216 2290 1266 2395; baseline 0.002 -30"><span class='ocrx_word' id='word_1_69' title='bbox 216 2290 317 2366; x_wconf 88' lang='lat' dir='ltr'>illius</span> <span class='ocrx_word' id='word_1_70' title='bbox 340 2292 544 2393; x_wconf 85' lang='lat' dir='ltr'>magnificis</span> <span class='ocrx_word' id='word_1_71' title='bbox 573 2303 613 2368; x_wconf 90' lang='lat' dir='ltr'>et</span> <span class='ocrx_word' id='word_1_72' title='bbox 637 2296 945 2394; x_wconf 83' lang='lat' dir='ltr'>exsuperantibus</span> <span class='ocrx_word' id='word_1_73' title='bbox 971 2297 1070 2395; x_wconf 86' lang='lat' dir='ltr'>pacis</span> <span class='ocrx_word' id='word_1_74' title='bbox 1095 2295 1200 2369; x_wconf 89' lang='lat' dir='ltr'>donis</span> <span class='ocrx_word' id='word_1_75' title='bbox 1225 2304 1266 2367; x_wconf 86' lang='lat' dir='ltr'>et</span> 
     </span>
     <span class='ocr_line' id='line_1_12' title="bbox 216 2408 1264 2513; baseline 0.002 -30"><span class='ocrx_word' id='word_1_76' title='bbox 216 2408 417 2483; x_wconf 80' lang='lat' dir='ltr'>benefactis</span> <span class='ocrx_word' id='word_1_77' title='bbox 432 2408 588 2484; x_wconf 88' lang='lat' dir='ltr'>finniter</span> <span class='ocrx_word' id='word_1_78' title='bbox 607 2411 877 2487; x_wconf 87' lang='lat' dir='ltr'>adhaereamus.</span> <span class='ocrx_word' id='word_1_79' title='bbox 930 2412 1164 2513; x_wconf 79' lang='lat' dir='ltr'>Cogitatione</span> <span class='ocrx_word' id='word_1_80' title='bbox 1181 2439 1264 2486; x_wconf 91' lang='lat' dir='ltr'>con-</span> 
     </span>
     <span class='ocr_line' id='line_1_13' title="bbox 215 2525 1265 2630; baseline 0.004 -31"><span class='ocrx_word' id='word_1_81' title='bbox 215 2525 439 2625; x_wconf 88' lang='lat' dir='ltr'>templemur</span> <span class='ocrx_word' id='word_1_82' title='bbox 454 2554 550 2613; x_wconf 82' lang='lat' dir='ltr'>eum,</span> <span class='ocrx_word' id='word_1_83' title='bbox 567 2538 607 2603; x_wconf 87' lang='lat' dir='ltr'>et</span> <span class='ocrx_word' id='word_1_84' title='bbox 623 2530 759 2605; x_wconf 90' lang='lat' dir='ltr'>mentis</span> <span class='ocrx_word' id='word_1_85' title='bbox 784 2530 897 2604; x_wconf 90' lang='lat' dir='ltr'>oculis</span> <span class='ocrx_word' id='word_1_86' title='bbox 920 2530 1166 2630; x_wconf 85' lang='lat' dir='ltr'>longanimam</span> <span class='ocrx_word' id='word_1_87' title='bbox 1184 2529 1265 2628; x_wconf 89' lang='lat' dir='ltr'>ejus</span> 
     </span>
     <span class='ocr_line' id='line_1_14' title="bbox 213 2642 1263 2746; baseline 0.006 -30"><span class='ocrx_word' id='word_1_88' title='bbox 213 2642 445 2719; x_wconf 84' lang='lat' dir='ltr'>voluntatem</span> <span class='ocrx_word' id='word_1_89' title='bbox 462 2645 695 2722; x_wconf 88' lang='lat' dir='ltr'>intueamur:</span> <span class='ocrx_word' id='word_1_90' title='bbox 720 2648 1029 2746; x_wconf 89' lang='lat' dir='ltr'>quemadmodum</span> <span class='ocrx_word' id='word_1_91' title='bbox 1047 2648 1263 2722; x_wconf 88' lang='lat' dir='ltr'>clementem</span> 
     </span>
    </p>
   </div>
   <div class='ocr_carea' id='block_1_3' title="bbox 213 2760 1264 2951">
    <p class='ocr_par' dir='ltr' id='par_1_3' title="bbox 213 2760 1264 2951">
     <span class='ocr_line' id='line_1_15' title="bbox 213 2760 1264 2863; baseline 0.003 -28"><span class='ocrx_word' id='word_1_92' title='bbox 213 2786 256 2835; x_wconf 89' lang='lat' dir='ltr'>se</span> <span class='ocrx_word' id='word_1_93' title='bbox 284 2760 459 2861; x_wconf 89' lang='lat' dir='ltr'>praebeat</span> <span class='ocrx_word' id='word_1_94' title='bbox 487 2788 575 2863; x_wconf 88' lang='lat' dir='ltr'>erga</span> <span class='ocrx_word' id='word_1_95' title='bbox 601 2790 744 2838; x_wconf 93' lang='lat' dir='ltr'>omnem</span> <span class='ocrx_word' id='word_1_96' title='bbox 774 2775 977 2840; x_wconf 90' lang='lat' dir='ltr'>creaturam</span> <span class='ocrx_word' id='word_1_97' title='bbox 1008 2793 1121 2853; x_wconf 91' lang='lat' dir='ltr'>suam,</span> <span class='ocrx_word' id='word_1_98' title='bbox 1148 2766 1264 2840; x_wconf 91' lang='lat' dir='ltr'>consi-</span> 
     </span>
     <span class='ocr_line' id='line_1_16' title="bbox 214 2876 396 2951; baseline 0 0"><span class='ocrx_word' id='word_1_99' title='bbox 214 2876 396 2951; x_wconf 83' lang='lat' dir='ltr'>daremus</span> 
     </span>
    </p>
   </div>
   <div class='ocr_carea' id='block_1_4' title="bbox 213 2992 1262 3211">
    <p class='ocr_par' dir='ltr' id='par_1_4' title="bbox 213 2992 1262 3211">
     <span class='ocr_line' id='line_1_17' title="bbox 266 2992 1262 3095; baseline 0.004 -28"><span class='ocrx_word' id='word_1_100' title='bbox 266 2992 352 3068; x_wconf 74' lang='lat' dir='ltr'>XX</span> <span class='ocrx_word' id='word_1_101' title='bbox 378 2994 483 3071; x_wconf 81' lang='lat' dir='ltr'>Coeli</span> <span class='ocrx_word' id='word_1_102' title='bbox 506 3022 573 3095; x_wconf 93' lang='lat' dir='ltr'>per</span> <span class='ocrx_word' id='word_1_103' title='bbox 596 2995 676 3095; x_wconf 86' lang='lat' dir='ltr'>ejus</span> <span class='ocrx_word' id='word_1_104' title='bbox 700 2996 1002 3095; x_wconf 81' lang='lat' dir='ltr'>gubernationem</span> <span class='ocrx_word' id='word_1_105' title='bbox 1026 2999 1205 3083; x_wconf 89' lang='lat' dir='ltr'>commoti,</span> <span class='ocrx_word' id='word_1_106' title='bbox 1224 2999 1262 3071; x_wconf 91' lang='lat' dir='ltr'>in</span> 
     </span>
     <span class='ocr_line' id='line_1_18' title="bbox 213 3110 1262 3211; baseline 0.003 -25"><span class='ocrx_word' id='word_1_107' title='bbox 213 3136 304 3211; x_wconf 87' lang='lat' dir='ltr'>pace</span> <span class='ocrx_word' id='word_1_108' title='bbox 332 3110 388 3186; x_wconf 92' lang='lat' dir='ltr'>illi</span> <span class='ocrx_word' id='word_1_109' title='bbox 415 3112 684 3211; x_wconf 89' lang='lat' dir='ltr'>subjiciuntur;</span> <span class='ocrx_word' id='word_1_110' title='bbox 723 3113 801 3187; x_wconf 89' lang='lat' dir='ltr'>dies</span> <span class='ocrx_word' id='word_1_111' title='bbox 832 3113 944 3187; x_wconf 88' lang='lat' dir='ltr'>etiam</span> <span class='ocrx_word' id='word_1_112' title='bbox 978 3123 1017 3188; x_wconf 88' lang='lat' dir='ltr'>et</span> <span class='ocrx_word' id='word_1_113' title='bbox 1046 3141 1130 3201; x_wconf 71' lang='lat' dir='ltr'>noir,</span> <span class='ocrx_word' id='word_1_114' title='bbox 1160 3114 1262 3189; x_wconf 92' lang='lat' dir='ltr'>nullo</span> 
     </span>
    </p>
   </div>
   <div class='ocr_carea' id='block_1_5' title="bbox 168 3386 1265 5175">
    <p class='ocr_par' dir='ltr' id='par_1_5' title="bbox 168 3386 1265 5175">
     <span class='ocr_line' id='line_1_19' title="bbox 168 3386 1261 3464; baseline 0.002 -21"><span class='ocrx_word' id='word_1_115' title='bbox 168 3390 176 3403; x_wconf 84' lang='grc'><strong>“</strong></span> <span class='ocrx_word' id='word_1_116' title='bbox 213 3388 349 3461; x_wconf 66' lang='lat' dir='ltr'>Opas-qma</span> <span class='ocrx_word' id='word_1_117' title='bbox 360 3388 400 3445; x_wconf 75' lang='lat' dir='ltr'>dul</span> <span class='ocrx_word' id='word_1_118' title='bbox 418 3390 561 3461; x_wconf 74' lang='grc' dir='ltr'>εὑρίσκεται</span> <span class='ocrx_word' id='word_1_119' title='bbox 578 3392 631 3446; x_wconf 77' lang='grc' dir='ltr'><strong><em>τοῖς</em></strong></span> <span class='ocrx_word' id='word_1_120' title='bbox 644 3390 718 3460; x_wconf 70' lang='grc' dir='ltr'><strong>ἔχου-</strong></span> <span class='ocrx_word' id='word_1_121' title='bbox 758 3405 813 3462; x_wconf 88' lang='lat' dir='ltr'>quc</span> <span class='ocrx_word' id='word_1_122' title='bbox 837 3386 996 3462; x_wconf 72' lang='lat' dir='ltr'>simpicatur</span> <span class='ocrx_word' id='word_1_123' title='bbox 1017 3386 1156 3462; x_wconf 82' lang='lat' dir='ltr'>syllabam</span> <span class='ocrx_word' id='word_1_124' title='bbox 1181 3407 1261 3464; x_wconf 86' lang='lat' dir='ltr'>ropa-</span> 
     </span>
     <span class='ocr_line' id='line_1_20' title="bbox 213 3468 1261 3545; baseline 0.002 -20"><span class='ocrx_word' id='word_1_125' title='bbox 213 3492 259 3525; x_wconf 76' lang='lat' dir='ltr'><em>w</em></span> <span class='ocrx_word' id='word_1_126' title='bbox 270 3470 423 3543; x_wconf 71' lang='grc' dir='ltr'>ὀφθαλμοὺς</span> <span class='ocrx_word' id='word_1_127' title='bbox 435 3472 523 3543; x_wconf 68' lang='grc' dir='ltr'><strong><em>ψυχῆς</em></strong></span> <span class='ocrx_word' id='word_1_128' title='bbox 535 3470 717 3542; x_wconf 58' lang='lat' dir='ltr'>dampnosa-</span> <span class='ocrx_word' id='word_1_129' title='bbox 758 3468 842 3526; x_wconf 85' lang='lat' dir='ltr'>titam</span> <span class='ocrx_word' id='word_1_130' title='bbox 864 3468 1010 3537; x_wconf 80' lang='lat' dir='ltr'>excidisse,</span> <span class='ocrx_word' id='word_1_131' title='bbox 1032 3488 1185 3545; x_wconf 84' lang='lat' dir='ltr'>veramque</span> <span class='ocrx_word' id='word_1_132' title='bbox 1207 3470 1261 3527; x_wconf 88' lang='lat' dir='ltr'>lec-</span> 
     </span>
     <span class='ocr_line' id='line_1_21' title="bbox 212 3548 1261 3627; baseline -0.003 -18"><span class='ocrx_word' id='word_1_133' title='bbox 212 3572 280 3609; x_wconf 78' lang='lat' dir='ltr'>rwr.</span> <span class='ocrx_word' id='word_1_134' title='bbox 301 3558 372 3611; x_wconf 86' lang='lat' dir='ltr'>tom.</span> <span class='ocrx_word' id='word_1_135' title='bbox 389 3550 440 3627; x_wconf 88' lang='lat' dir='ltr'>ip.</span> <span class='ocrx_word' id='word_1_136' title='bbox 455 3552 514 3623; x_wconf 84' lang='lat'>456</span> <span class='ocrx_word' id='word_1_137' title='bbox 528 3550 572 3608; x_wconf 90' lang='lat' dir='ltr'>ed.</span> <span class='ocrx_word' id='word_1_138' title='bbox 585 3550 653 3607; x_wconf 85' lang='lat' dir='ltr'>Ben</span> <span class='ocrx_word' id='word_1_139' title='bbox 758 3548 867 3607; x_wconf 82' lang='lat' dir='ltr'>tionem</span> <span class='ocrx_word' id='word_1_140' title='bbox 888 3569 948 3607; x_wconf 85' lang='lat' dir='ltr'>esse</span> <span class='ocrx_word' id='word_1_141' title='bbox 961 3554 992 3619; x_wconf 79' lang='grc' dir='ltr'>τῇ</span> <span class='ocrx_word' id='word_1_142' title='bbox 1006 3551 1127 3620; x_wconf 76' lang='grc' dir='ltr'>διοικήσει</span> <span class='ocrx_word' id='word_1_143' title='bbox 1141 3552 1217 3606; x_wconf 77' lang='grc' dir='ltr'>αὐτοῦ</span> <span class='ocrx_word' id='word_1_144' title='bbox 1231 3554 1261 3606; x_wconf 79' lang='grc' dir='ltr'>οὐ</span> 
     </span>
     <span class='ocr_line' id='line_1_22' title="bbox 258 3628 1263 3712; baseline 0.001 -23"><span class='ocrx_word' id='word_1_145' title='bbox 258 3650 302 3703; x_wconf 87' lang='lat'>14.</span> <span class='ocrx_word' id='word_1_146' title='bbox 317 3628 514 3712; x_wconf 74' lang='grc' dir='ltr'>πῦαᾶόργαεοε]</span> <span class='ocrx_word' id='word_1_147' title='bbox 530 3630 720 3690; x_wconf 85' lang='lat' dir='ltr'>Harmoniam</span> <span class='ocrx_word' id='word_1_148' title='bbox 758 3636 932 3700; x_wconf 71' lang='grc' dir='ltr'>σαλευόμενοι.</span> <span class='ocrx_word' id='word_1_149' title='bbox 976 3630 1089 3689; x_wconf 82' lang='lat' dir='ltr'>Codicis</span> <span class='ocrx_word' id='word_1_150' title='bbox 1107 3630 1185 3689; x_wconf 81' lang='lat' dir='ltr'>Msti</span> <span class='ocrx_word' id='word_1_151' title='bbox 1205 3632 1263 3690; x_wconf 86' lang='lat' dir='ltr'>lec-</span> 
     </span>
     <span class='ocr_line' id='line_1_23' title="bbox 212 3711 1264 3790; baseline -0.001 -19"><span class='ocrx_word' id='word_1_152' title='bbox 212 3712 324 3785; x_wconf 78' lang='lat' dir='ltr'>mnndi,</span> <span class='ocrx_word' id='word_1_153' title='bbox 338 3732 398 3790; x_wconf 87' lang='lat' dir='ltr'>cap.</span> <span class='ocrx_word' id='word_1_154' title='bbox 414 3732 464 3785; x_wconf 83' lang='lat' dir='ltr'>xx,</span> <span class='ocrx_word' id='word_1_155' title='bbox 483 3712 644 3784; x_wconf 86' lang='lat' dir='ltr'>instituens,</span> <span class='ocrx_word' id='word_1_156' title='bbox 664 3712 719 3769; x_wconf 88' lang='lat' dir='ltr'>cle-</span> <span class='ocrx_word' id='word_1_157' title='bbox 759 3711 868 3770; x_wconf 80' lang='lat' dir='ltr'>tionem</span> <span class='ocrx_word' id='word_1_158' title='bbox 889 3712 1075 3788; x_wconf 85' lang='lat' dir='ltr'>proculdubio</span> <span class='ocrx_word' id='word_1_159' title='bbox 1093 3732 1190 3770; x_wconf 88' lang='lat' dir='ltr'>veram</span> <span class='ocrx_word' id='word_1_160' title='bbox 1211 3713 1264 3770; x_wconf 92' lang='lat' dir='ltr'>du-</span> 
     </span>
     <span class='ocr_line' id='line_1_24' title="bbox 213 3792 1263 3872; baseline -0.001 -19"><span class='ocrx_word' id='word_1_161' title='bbox 213 3802 343 3853; x_wconf 82' lang='lat' dir='ltr'>mentcm</span> <span class='ocrx_word' id='word_1_162' title='bbox 365 3814 397 3853; x_wconf 87' lang='lat' dir='ltr'>se</span> <span class='ocrx_word' id='word_1_163' title='bbox 416 3796 534 3872; x_wconf 82' lang='lat' dir='ltr'>praebet</span> <span class='ocrx_word' id='word_1_164' title='bbox 552 3794 632 3853; x_wconf 86' lang='lat' dir='ltr'>Deus</span> <span class='ocrx_word' id='word_1_165' title='bbox 651 3814 721 3871; x_wconf 85' lang='lat' dir='ltr'>erga</span> <span class='ocrx_word' id='word_1_166' title='bbox 760 3801 828 3852; x_wconf 90' lang='lat' dir='ltr'>cunt</span> <span class='ocrx_word' id='word_1_167' title='bbox 843 3793 952 3850; x_wconf 80' lang='lat' dir='ltr'>Minius</span> <span class='ocrx_word' id='word_1_168' title='bbox 965 3792 1263 3871; x_wconf 84' lang='lat' dir='ltr'>ctwottonus,atqnc</span> 
     </span>
     <span class='ocr_line' id='line_1_25' title="bbox 212 3874 1263 3952; baseline -0.002 -17"><span class='ocrx_word' id='word_1_169' title='bbox 212 3894 330 3935; x_wconf 86' lang='lat' dir='ltr'>omnem</span> <span class='ocrx_word' id='word_1_170' title='bbox 342 3883 510 3935; x_wconf 81' lang='lat' dir='ltr'>creaturam.</span> <span class='ocrx_word' id='word_1_171' title='bbox 527 3876 670 3934; x_wconf 82' lang='lat' dir='ltr'><strong>HEFEL.</strong></span> <span class='ocrx_word' id='word_1_172' title='bbox 759 3875 800 3933; x_wconf 85' lang='lat' dir='ltr'>sic</span> <span class='ocrx_word' id='word_1_173' title='bbox 808 3874 988 3952; x_wconf 75' lang='lat' dir='ltr'>intelligunt:</span> <span class='ocrx_word' id='word_1_174' title='bbox 1003 3883 1098 3934; x_wconf 86' lang='lat' dir='ltr'>motus</span> <span class='ocrx_word' id='word_1_175' title='bbox 1112 3896 1263 3952; x_wconf 86' lang='lat' dir='ltr'>corporum</span> 
     </span>
     <span class='ocr_line' id='line_1_26' title="bbox 258 3954 1264 4038; baseline -0.001 -23"><span class='ocrx_word' id='word_1_176' title='bbox 258 3972 303 4032; x_wconf 89' lang='lat'>15.</span> <span class='ocrx_word' id='word_1_177' title='bbox 319 3954 499 4038; x_wconf 74' lang='grc' dir='ltr'>σαλευόμενα]</span> <span class='ocrx_word' id='word_1_178' title='bbox 515 3956 654 4017; x_wconf 88' lang='lat' dir='ltr'>Patricius</span> <span class='ocrx_word' id='word_1_179' title='bbox 667 3957 720 4015; x_wconf 89' lang='lat' dir='ltr'>Jn-</span> <span class='ocrx_word' id='word_1_180' title='bbox 760 3957 925 4015; x_wconf 87' lang='lat' dir='ltr'>coelestium</span> <span class='ocrx_word' id='word_1_181' title='bbox 946 3977 963 4014; x_wconf 91' lang='lat' dir='ltr'>a</span> <span class='ocrx_word' id='word_1_182' title='bbox 981 3956 1043 4013; x_wconf 82' lang='lat' dir='ltr'>Dea</span> <span class='ocrx_word' id='word_1_183' title='bbox 1064 3956 1105 4015; x_wconf 86' lang='lat' dir='ltr'>ita</span> <span class='ocrx_word' id='word_1_184' title='bbox 1124 3965 1264 4035; x_wconf 88' lang='lat' dir='ltr'>attempe-</span> 
     </span>
     <span class='ocr_line' id='line_1_27' title="bbox 214 4037 1261 4111; baseline 0 -14"><span class='ocrx_word' id='word_1_185' title='bbox 214 4037 280 4099; x_wconf 88' lang='lat' dir='ltr'>nius</span> <span class='ocrx_word' id='word_1_186' title='bbox 293 4038 429 4099; x_wconf 85' lang='lat' dir='ltr'>emendat</span> <span class='ocrx_word' id='word_1_187' title='bbox 440 4042 476 4111; x_wconf 78' lang='grc' dir='ltr'>μὴ</span> <span class='ocrx_word' id='word_1_188' title='bbox 493 4044 666 4111; x_wconf 80' lang='grc' dir='ltr'>σαλευόμενοι,</span> <span class='ocrx_word' id='word_1_189' title='bbox 681 4038 717 4096; x_wconf 92' lang='lat' dir='ltr'>ad</span> <span class='ocrx_word' id='word_1_190' title='bbox 758 4039 816 4096; x_wconf 88' lang='lat' dir='ltr'>rari</span> <span class='ocrx_word' id='word_1_191' title='bbox 829 4048 863 4098; x_wconf 87' lang='lat' dir='ltr'>ut</span> <span class='ocrx_word' id='word_1_192' title='bbox 877 4038 912 4096; x_wconf 86' lang='lat' dir='ltr'>de</span> <span class='ocrx_word' id='word_1_193' title='bbox 926 4058 1009 4096; x_wconf 85' lang='lat' dir='ltr'>cursu</span> <span class='ocrx_word' id='word_1_194' title='bbox 1027 4058 1079 4097; x_wconf 86' lang='lat' dir='ltr'>suo</span> <span class='ocrx_word' id='word_1_195' title='bbox 1100 4038 1149 4096; x_wconf 89' lang='lat' dir='ltr'>illa</span> <span class='ocrx_word' id='word_1_196' title='bbox 1169 4039 1261 4098; x_wconf 86' lang='lat' dir='ltr'>neuti-</span> 
     </span>
     <span class='ocr_line' id='line_1_28' title="bbox 213 4118 1263 4197; baseline -0.003 -16"><span class='ocrx_word' id='word_1_197' title='bbox 213 4118 369 4181; x_wconf 72' lang='lat' dir='ltr'>lectionem</span> <span class='ocrx_word' id='word_1_198' title='bbox 398 4119 478 4181; x_wconf 76' lang='lat' dir='ltr'>sisti</span> <span class='ocrx_word' id='word_1_199' title='bbox 510 4120 718 4180; x_wconf 84' lang='lat' dir='ltr'>sollicitandam</span> <span class='ocrx_word' id='word_1_200' title='bbox 759 4140 845 4197; x_wconf 89' lang='lat' dir='ltr'>quam</span> <span class='ocrx_word' id='word_1_201' title='bbox 873 4120 1026 4179; x_wconf 85' lang='lat' dir='ltr'>discedant.</span> <span class='ocrx_word' id='word_1_202' title='bbox 1084 4119 1192 4178; x_wconf 88' lang='lat' dir='ltr'>Locum</span> <span class='ocrx_word' id='word_1_203' title='bbox 1221 4121 1263 4179; x_wconf 91' lang='lat' dir='ltr'>ita</span> 
     </span>
     <span class='ocr_line' id='line_1_29' title="bbox 211 4200 1265 4279; baseline -0.002 -18"><span class='ocrx_word' id='word_1_204' title='bbox 211 4200 267 4261; x_wconf 89' lang='lat' dir='ltr'>boc</span> <span class='ocrx_word' id='word_1_205' title='bbox 279 4202 407 4261; x_wconf 81' lang='lat' dir='ltr'>maxims</span> <span class='ocrx_word' id='word_1_206' title='bbox 419 4210 524 4275; x_wconf 87' lang='lat' dir='ltr'>motus,</span> <span class='ocrx_word' id='word_1_207' title='bbox 537 4202 614 4279; x_wconf 91' lang='lat' dir='ltr'>quod</span> <span class='ocrx_word' id='word_1_208' title='bbox 628 4202 719 4278; x_wconf 85' lang='lat' dir='ltr'>Chry-</span> <span class='ocrx_word' id='word_1_209' title='bbox 759 4202 848 4261; x_wconf 88' lang='lat' dir='ltr'>vertit</span> <span class='ocrx_word' id='word_1_210' title='bbox 857 4202 1056 4271; x_wconf 82' lang='lat' dir='ltr'>Grsssius‚Lcs</span> <span class='ocrx_word' id='word_1_211' title='bbox 1064 4202 1146 4260; x_wconf 72' lang='grc' dir='ltr'>ειέιια</span> <span class='ocrx_word' id='word_1_212' title='bbox 1155 4203 1265 4260; x_wconf 77' lang='lat' dir='ltr'>soranis</span> 
     </span>
     <span class='ocr_line' id='line_1_30' title="bbox 211 4282 1263 4359; baseline -0.002 -16"><span class='ocrx_word' id='word_1_213' title='bbox 211 4292 358 4343; x_wconf 71' lang='lat' dir='ltr'>mamus</span> <span class='ocrx_word' id='word_1_214' title='bbox 371 4283 402 4343; x_wconf 92' lang='lat' dir='ltr'>in</span> <span class='ocrx_word' id='word_1_215' title='bbox 415 4284 575 4345; x_wconf 76' lang='lat' dir='ltr'>comment</span> <span class='ocrx_word' id='word_1_216' title='bbox 591 4282 628 4341; x_wconf 86' lang='lat' dir='ltr'>ad</span> <span class='ocrx_word' id='word_1_217' title='bbox 645 4283 718 4341; x_wconf 88' lang='lat' dir='ltr'>Psal.</span> <span class='ocrx_word' id='word_1_218' title='bbox 760 4304 822 4341; x_wconf 71' lang='lat' dir='ltr'>assa</span> <span class='ocrx_word' id='word_1_219' title='bbox 834 4283 893 4341; x_wconf 73' lang='lat' dir='ltr'>loia</span> <span class='ocrx_word' id='word_1_220' title='bbox 906 4284 939 4342; x_wconf 79' lang='lat' dir='ltr'>da</span> <span class='ocrx_word' id='word_1_221' title='bbox 952 4304 986 4341; x_wconf 82' lang='lat' dir='ltr'>aa</span> <span class='ocrx_word' id='word_1_222' title='bbox 1001 4284 1263 4359; x_wconf 62' lang='lat' dir='ltr'>provideamus</span> 
     </span>
     <span class='ocr_line' id='line_1_31' title="bbox 212 4364 1263 4441; baseline -0.001 -18"><span class='ocrx_word' id='word_1_223' title='bbox 212 4364 321 4437; x_wconf 81' lang='lat' dir='ltr'>cxlviii,</span> <span class='ocrx_word' id='word_1_224' title='bbox 345 4370 361 4437; x_wconf 62' lang='lat' dir='ltr'>b</span> <span class='ocrx_word' id='word_1_225' title='bbox 383 4385 411 4431; x_wconf 70' lang='grc' dir='ltr'>α,</span> <span class='ocrx_word' id='word_1_226' title='bbox 434 4366 504 4425; x_wconf 83' lang='lat' dir='ltr'>hacc</span> <span class='ocrx_word' id='word_1_227' title='bbox 526 4364 631 4425; x_wconf 81' lang='lat' dir='ltr'>habet:</span> <span class='ocrx_word' id='word_1_228' title='bbox 653 4368 719 4422; x_wconf 79' lang='grc' dir='ltr'>ε’ννό-</span> <span class='ocrx_word' id='word_1_229' title='bbox 756 4365 877 4441; x_wconf 61' lang='lat' dir='ltr'>plasmat</span> <span class='ocrx_word' id='word_1_230' title='bbox 896 4386 932 4422; x_wconf 82' lang='lat' dir='ltr'>cn</span> <span class='ocrx_word' id='word_1_231' title='bbox 951 4365 1026 4441; x_wconf 76' lang='lat' dir='ltr'>poia</span> <span class='ocrx_word' id='word_1_232' title='bbox 1046 4365 1123 4423; x_wconf 78' lang='lat' dir='ltr'>Icaro</span> <span class='ocrx_word' id='word_1_233' title='bbox 1142 4365 1263 4440; x_wconf 65' lang='lat' dir='ltr'>impitu-</span> 
     </span>
     <span class='ocr_line' id='line_1_32' title="bbox 212 4446 1263 4521; baseline -0.001 -14"><span class='ocrx_word' id='word_1_234' title='bbox 212 4470 280 4519; x_wconf 77' lang='grc' dir='ltr'>ααυν</span> <span class='ocrx_word' id='word_1_235' title='bbox 298 4452 364 4521; x_wconf 55' lang='grc' dir='ltr'>,νῦν</span> <span class='ocrx_word' id='word_1_236' title='bbox 382 4451 466 4507; x_wconf 71' lang='grc' dir='ltr'>πόσαι</span> <span class='ocrx_word' id='word_1_237' title='bbox 488 4450 556 4519; x_wconf 73' lang='grc' dir='ltr'>αἰών,</span> <span class='ocrx_word' id='word_1_238' title='bbox 580 4451 621 4503; x_wconf 78' lang='lat' dir='ltr'>ml</span> <span class='ocrx_word' id='word_1_239' title='bbox 647 4448 720 4503; x_wconf 72' lang='grc' dir='ltr'><strong><em>οὐδὲν</em></strong></span> <span class='ocrx_word' id='word_1_240' title='bbox 759 4466 837 4504; x_wconf 79' lang='lat' dir='ltr'>cases</span> <span class='ocrx_word' id='word_1_241' title='bbox 862 4446 1042 4504; x_wconf 75' lang='grc' dir='ltr'>σὲαοὶιιιίοιιι.</span> <span class='ocrx_word' id='word_1_242' title='bbox 1087 4446 1196 4504; x_wconf 86' lang='lat' dir='ltr'>Davisii</span> <span class='ocrx_word' id='word_1_243' title='bbox 1220 4454 1263 4506; x_wconf 88' lang='lat' dir='ltr'>ta-</span> 
     </span>
     <span class='ocr_line' id='line_1_33' title="bbox 213 4527 1263 4605; baseline 0 -20"><span class='ocrx_word' id='word_1_244' title='bbox 213 4530 344 4603; x_wconf 70' lang='grc' dir='ltr'>σισιχῦθα</span> <span class='ocrx_word' id='word_1_245' title='bbox 366 4536 418 4585; x_wconf 73' lang='grc' dir='ltr'>τῶν</span> <span class='ocrx_word' id='word_1_246' title='bbox 439 4532 527 4587; x_wconf 71' lang='grc' dir='ltr'><strong><em>ὄντων·</em></strong></span> <span class='ocrx_word' id='word_1_247' title='bbox 553 4532 583 4585; x_wconf 76' lang='grc' dir='ltr'>οὗ</span> <span class='ocrx_word' id='word_1_248' title='bbox 607 4530 719 4585; x_wconf 81' lang='grc' dir='ltr'>θσλαπα</span> <span class='ocrx_word' id='word_1_249' title='bbox 759 4548 825 4585; x_wconf 90' lang='lat' dir='ltr'>men</span> <span class='ocrx_word' id='word_1_250' title='bbox 860 4528 1031 4586; x_wconf 77' lang='lat' dir='ltr'>sententiam</span> <span class='ocrx_word' id='word_1_251' title='bbox 1064 4527 1158 4585; x_wconf 75' lang='lat' dir='ltr'>nascio</span> <span class='ocrx_word' id='word_1_252' title='bbox 1193 4547 1263 4605; x_wconf 93' lang='lat' dir='ltr'>quo-</span> 
     </span>
     <span class='ocr_line' id='line_1_34' title="bbox 212 4608 1263 4685; baseline -0.002 -16"><span class='ocrx_word' id='word_1_253' title='bbox 212 4612 260 4681; x_wconf 73' lang='grc' dir='ltr'>τὴν</span> <span class='ocrx_word' id='word_1_254' title='bbox 277 4614 327 4685; x_wconf 68' lang='grc' dir='ltr'>γῆν</span> <span class='ocrx_word' id='word_1_255' title='bbox 340 4610 488 4683; x_wconf 66' lang='lat' dir='ltr'>aiam,</span> <span class='ocrx_word' id='word_1_256' title='bbox 501 4614 549 4684; x_wconf 81' lang='grc' dir='ltr'>σιἰχ</span> <span class='ocrx_word' id='word_1_257' title='bbox 569 4612 641 4682; x_wconf 73' lang='grc' dir='ltr'>ἥλιος</span> <span class='ocrx_word' id='word_1_258' title='bbox 659 4613 718 4665; x_wconf 79' lang='grc' dir='ltr'>τόδε</span> <span class='ocrx_word' id='word_1_259' title='bbox 758 4610 844 4668; x_wconf 92' lang='lat' dir='ltr'>modo</span> <span class='ocrx_word' id='word_1_260' title='bbox 865 4610 1031 4667; x_wconf 82' lang='lat' dir='ltr'>confirmare</span> <span class='ocrx_word' id='word_1_261' title='bbox 1045 4608 1179 4667; x_wconf 72' lang='lat' dir='ltr'>ridentur</span> <span class='ocrx_word' id='word_1_262' title='bbox 1198 4610 1263 4668; x_wconf 85' lang='lat' dir='ltr'>Ser-</span> 
     </span>
     <span class='ocr_line' id='line_1_35' title="bbox 212 4690 1263 4767; baseline 0 -18"><span class='ocrx_word' id='word_1_263' title='bbox 212 4696 244 4749; x_wconf 79' lang='lat' dir='ltr'>rd</span> <span class='ocrx_word' id='word_1_264' title='bbox 269 4696 400 4767; x_wconf 67' lang='grc' dir='ltr'>ὀρόμενον</span> <span class='ocrx_word' id='word_1_265' title='bbox 425 4694 586 4759; x_wconf 70' lang='grc' dir='ltr'>κατέκαυσεν,</span> <span class='ocrx_word' id='word_1_266' title='bbox 604 4694 649 4747; x_wconf 79' lang='grc' dir='ltr'>οὐκ</span> <span class='ocrx_word' id='word_1_267' title='bbox 675 4694 718 4747; x_wconf 75' lang='lat' dir='ltr'>ois-</span> <span class='ocrx_word' id='word_1_268' title='bbox 758 4690 865 4749; x_wconf 76' lang='lat' dir='ltr'>valoris</span> <span class='ocrx_word' id='word_1_269' title='bbox 887 4690 977 4749; x_wconf 84' lang='lat' dir='ltr'>nostri</span> <span class='ocrx_word' id='word_1_270' title='bbox 994 4690 1089 4762; x_wconf 84' lang='lat' dir='ltr'>verba,</span> <span class='ocrx_word' id='word_1_271' title='bbox 1103 4695 1128 4746; x_wconf 81' lang='lat' dir='ltr'>ai</span> <span class='ocrx_word' id='word_1_272' title='bbox 1149 4693 1263 4762; x_wconf 73' lang='grc' dir='ltr'>δυνάμεις</span> 
     </span>
     <span class='ocr_line' id='line_1_36' title="bbox 211 4771 1260 4847; baseline -0.001 -16"><span class='ocrx_word' id='word_1_273' title='bbox 211 4774 481 4847; x_wconf 61' lang='lat' dir='ltr'>permutata,</span> <span class='ocrx_word' id='word_1_274' title='bbox 493 4797 547 4831; x_wconf 72' lang='lat' dir='ltr'>m.</span> <span class='ocrx_word' id='word_1_275' title='bbox 559 4776 587 4829; x_wconf 83' lang='grc' dir='ltr'>λ.</span> <span class='ocrx_word' id='word_1_276' title='bbox 628 4771 718 4830; x_wconf 82' lang='lat' dir='ltr'>Junio</span> <span class='ocrx_word' id='word_1_277' title='bbox 758 4779 803 4829; x_wconf 82' lang='grc' dir='ltr'>τοῦ</span> <span class='ocrx_word' id='word_1_278' title='bbox 841 4776 948 4845; x_wconf 80' lang='grc' dir='ltr'>οὐρανοῦ</span> <span class='ocrx_word' id='word_1_279' title='bbox 985 4772 1195 4843; x_wconf 68' lang='grc' dir='ltr'>σαλευθήσονται,</span> <span class='ocrx_word' id='word_1_280' title='bbox 1231 4772 1260 4831; x_wconf 81' lang='lat' dir='ltr'>S.</span> 
     </span>
     <span class='ocr_line' id='line_1_37' title="bbox 211 4852 1262 4931; baseline -0.002 -18"><span class='ocrx_word' id='word_1_281' title='bbox 211 4854 368 4915; x_wconf 70' lang='lat' dir='ltr'>mentitur</span> <span class='ocrx_word' id='word_1_282' title='bbox 394 4853 580 4915; x_wconf 83' lang='lat' dir='ltr'>Colomesiua</span> <span class='ocrx_word' id='word_1_283' title='bbox 630 4852 718 4911; x_wconf 85' lang='lat' dir='ltr'>Davi·</span> <span class='ocrx_word' id='word_1_284' title='bbox 759 4854 843 4912; x_wconf 74' lang='lat' dir='ltr'>llatt.</span> <span class='ocrx_word' id='word_1_285' title='bbox 864 4853 941 4911; x_wconf 86' lang='lat' dir='ltr'>xxiv.</span> <span class='ocrx_word' id='word_1_286' title='bbox 965 4873 1010 4927; x_wconf 87' lang='lat'>29,</span> <span class='ocrx_word' id='word_1_287' title='bbox 1033 4861 1062 4912; x_wconf 87' lang='lat' dir='ltr'>ct</span> <span class='ocrx_word' id='word_1_288' title='bbox 1084 4854 1146 4912; x_wconf 87' lang='lat' dir='ltr'>loca</span> <span class='ocrx_word' id='word_1_289' title='bbox 1170 4854 1262 4931; x_wconf 80' lang='lat' dir='ltr'>paml-</span> 
     </span>
     <span class='ocr_line' id='line_1_38' title="bbox 210 4933 1259 5007; baseline -0.001 -12"><span class='ocrx_word' id='word_1_290' title='bbox 210 4936 270 4995; x_wconf 76' lang='lat' dir='ltr'>nius</span> <span class='ocrx_word' id='word_1_291' title='bbox 289 4956 391 4995; x_wconf 83' lang='lat' dir='ltr'>vocem</span> <span class='ocrx_word' id='word_1_292' title='bbox 414 4937 571 4993; x_wconf 74' lang='grc' dir='ltr'>σαλεύεσθαι</span> <span class='ocrx_word' id='word_1_293' title='bbox 591 4934 717 4993; x_wconf 87' lang='lat' dir='ltr'>indicara</span> <span class='ocrx_word' id='word_1_294' title='bbox 757 4935 820 5005; x_wconf 86' lang='lat' dir='ltr'>lcla,</span> <span class='ocrx_word' id='word_1_295' title='bbox 842 4936 870 4993; x_wconf 81' lang='lat' dir='ltr'>S.</span> <span class='ocrx_word' id='word_1_296' title='bbox 888 4935 974 4992; x_wconf 84' lang='lat' dir='ltr'>Marc.</span> <span class='ocrx_word' id='word_1_297' title='bbox 997 4933 1048 4991; x_wconf 88' lang='lat' dir='ltr'>xiii</span> <span class='ocrx_word' id='word_1_298' title='bbox 1067 4950 1112 5007; x_wconf 87' lang='lat'>25.</span> <span class='ocrx_word' id='word_1_299' title='bbox 1147 4936 1175 4993; x_wconf 80' lang='lat' dir='ltr'>S.</span> <span class='ocrx_word' id='word_1_300' title='bbox 1192 4935 1259 4994; x_wconf 88' lang='lat' dir='ltr'>Luc.</span> 
     </span>
     <span class='ocr_line' id='line_1_39' title="bbox 211 5016 1260 5095; baseline -0.002 -18"><span class='ocrx_word' id='word_1_301' title='bbox 211 5024 309 5077; x_wconf 68' lang='lat' dir='ltr'>coum</span> <span class='ocrx_word' id='word_1_302' title='bbox 337 5017 526 5095; x_wconf 77' lang='lat' dir='ltr'>jactationem</span> <span class='ocrx_word' id='word_1_303' title='bbox 560 5036 598 5077; x_wconf 85' lang='lat' dir='ltr'>ex</span> <span class='ocrx_word' id='word_1_304' title='bbox 634 5025 716 5075; x_wconf 91' lang='lat' dir='ltr'>motu</span> <span class='ocrx_word' id='word_1_305' title='bbox 757 5017 807 5074; x_wconf 84' lang='lat' dir='ltr'>xxi</span> <span class='ocrx_word' id='word_1_306' title='bbox 826 5018 870 5073; x_wconf 82' lang='lat'>26.</span> <span class='ocrx_word' id='word_1_307' title='bbox 914 5016 956 5074; x_wconf 71' lang='lat' dir='ltr'>(l.</span> <span class='ocrx_word' id='word_1_308' title='bbox 981 5016 1033 5093; x_wconf 87' lang='lat' dir='ltr'>Ep.</span> <span class='ocrx_word' id='word_1_309' title='bbox 1055 5017 1092 5073; x_wconf 90' lang='lat' dir='ltr'>ad</span> <span class='ocrx_word' id='word_1_310' title='bbox 1114 5016 1203 5076; x_wconf 90' lang='lat' dir='ltr'>Hebr.</span> <span class='ocrx_word' id='word_1_311' title='bbox 1219 5018 1260 5075; x_wconf 84' lang='lat' dir='ltr'>xii</span> 
     </span>
     <span class='ocr_line' id='line_1_40' title="bbox 210 5097 1220 5175; baseline -0.002 -18"><span class='ocrx_word' id='word_1_312' title='bbox 210 5098 336 5175; x_wconf 68' lang='lat' dir='ltr'>quodam</span> <span class='ocrx_word' id='word_1_313' title='bbox 361 5098 480 5159; x_wconf 73' lang='lat' dir='ltr'>turbido</span> <span class='ocrx_word' id='word_1_314' title='bbox 502 5098 615 5167; x_wconf 65' lang='lat' dir='ltr'>factam,</span> <span class='ocrx_word' id='word_1_315' title='bbox 639 5097 716 5156; x_wconf 79' lang='lat' dir='ltr'>ideo·</span> <span class='ocrx_word' id='word_1_316' title='bbox 759 5114 804 5171; x_wconf 80' lang='lat'>27.</span> <span class='ocrx_word' id='word_1_317' title='bbox 826 5098 867 5154; x_wconf 77' lang='lat' dir='ltr'>iva</span> <span class='ocrx_word' id='word_1_318' title='bbox 879 5101 950 5169; x_wconf 72' lang='grc' dir='ltr'>μείνῃ</span> <span class='ocrx_word' id='word_1_319' title='bbox 963 5102 995 5153; x_wconf 83' lang='grc' dir='ltr'>τὰ</span> <span class='ocrx_word' id='word_1_320' title='bbox 1008 5100 1042 5169; x_wconf 80' lang='grc' dir='ltr'>μὴ</span> <span class='ocrx_word' id='word_1_321' title='bbox 1057 5103 1220 5171; x_wconf 79' lang='grc' dir='ltr'>σαλευόμενα.</span> 
     </span>
    </p>
   </div>
   <div class='ocr_carea' id='block_1_6' title="bbox 0 0 1630 6614">
    <p class='ocr_par' dir='ltr' id='par_1_6' title="bbox 0 0 1630 6614">
     <span class='ocr_line' id='line_1_41' title="bbox 0 0 1630 6614; baseline 0 0"><span class='ocrx_word' id='word_1_322' title='bbox 0 0 1630 6614; x_wconf 95' lang='lat' dir='ltr'> </span> 
     </span>
    </p>
   </div>
  </div>
 </body>
</html>
