3250 6617
245 844 288 910 98

246 1011 432 1081 Περιτειχίζειν.
469 1008 552 1084 κύκλιμ
575 1011 744 1082 περιετείχισε
761 1014 792 1065 τὸ

285 1096 369 1160 σῶμα.
391 1089 476 1149 Mart
493 1088 587 1167 Polyc.
606 1105 649 1163 15.

245 1172 407 1243 Περιτιθέναι.
462 1175 493 1227 τδ
520 1172 704 1244 περιτεθειμένσ
731 1174 791 1242 αὐτῇ

286 1255 397 1326 κλεῖθρα.
421 1252 510 1310 Clem.
531 1253 546 1309 Ι
570 1272 614 1310 20.
650 1256 792 1326 ὁπεριθείς

286 1336 366 1410 εἀυτῲ
385 1337 533 1408 ἁλουργίδα.
561 1334 626 1411 Igu.
643 1333 756 1410 Fragm.
773 1334 790 1391 i.

286 1416 339 1484 μετ’
367 1415 528 1488 εὐφροσύνης
564 1417 725 1489 περιθέμενος
760 1418 791 1471 τίι

286 1496 603 1572 δεσμό.Μ21·11.13’11.2.
638 1498 792 1570 περιετίθετο

286 1580 317 1632 τὰ
337 1580 401 1651 που
422 1581 467 1648 τιν
482 1581 565 1650 πον
581 1579 726 1651 ἡρμοσμένα
747 1580 790 1652 ο-

285 1683 357 1732 γονο.
379 1658 465 1716 Mart.
481 1659 576 1735 Polyc.
596 1678 639 1733 ¹3·

246 1741 383 1811 Περιτομίη.
434 1743 502 1812 παρὰ
535 1742 626 1813 ἀνδρὸς
658 1742 793 1814 περιτομὴν

285 1822 396 1893 ἔχοντος.
417 1822 480 1898 Igu.
497 1821 605 1878 Philnd.
622 1823 648 1877 6.

246 1906 405 1976 Περιφέρειν.
441 1907 509 1979 δόλῳ
536 1908 636 1979 ποιηρῴ
658 1905 688 1958 τδ
715 1904 792 1972 ὄνομα

287 1987 443 2057 περιφέρειν.
464 1984 527 2060 Ign.
544 1983 616 2060 Eph.
636 1997 661 2057 7.
687 1988 715 2038 έν
727 1981 748 2060 φ
760 1986 792 2038 τίι

287 2067 370 2135 δεσμδ
383 2068 521 2139 περιφέρω.
542 2084 586 2122 11.
629 2068 656 2121 έν
669 2062 707 2123 οίς
719 2089 790 2137 περι-

285 2148 359 2220 φέρω
372 2149 484 2217 δεσμοῖς.
499 2146 595 2224 Magn.
617 2166 641 2202 1.
677 2147 793 2202 δένεκεν

286 2227 372 2297 Ἰησοῦ
393 2235 506 2301 Χριστοῦ
529 2230 669 2302 περιφίρω.
705 2227 791 2284 Trall.

295 2326 341 2365 12.
369 2313 517 2382 περιφέρειν
531 2313 576 2365 τόν
593 2312 789 2382 ἐσταυρωμένον.

286 2389 372 2449 Mart.
385 2390 449 2466 Igu.
468 2410 495 2448 τ.

244 2474 399 2545 Περίχωρος.
429 2476 473 2542 τῆς
485 2476 629 2545 περιχώρου
641 2475 727 2542 πάσης
739 2495 791 2545 κρε-

285 2555 378 2623 θείσης.
402 2552 522 2610 Olem.I
541 2571 586 2608 11.

244 2636 392 2707 Περίψημα.
429 2636 568 2708 Περίψημα
584 2636 652 2704 ύμῶν
665 2632 706 2689 καί
721 2635 789 2706 όγνί-

284 2718 372 2785 (ωμαι.
400 2715 463 2792 Igu.
486 2714 559 2791 Eph.
583 2717 609 2771 8.
652 2716 792 2786 Περίψημα

284 2798 314 2850 τδ
327 2798 388 2867 έμθν
399 2803 496 2867 πνεῦμα
508 2802 554 2851 τοῦ
568 2802 689 2869 σταυροῦ.
714 2798 757 2852 18.

243 2878 338 2950 Πέτρα.
385 2879 543 2952 ἧδρασμένην
570 2880 604 2936 ὣς
630 2879 671 2933 έπ1
697 2880 792 2950 πέτραν

283 2959 403 3029 όκίνητον.
427 2959 489 3036 Ign.
506 2958 601 3035 Polyc.
622 2977 645 3014 1.

243 3040 326 3114 Πηγίη.
348 3041 438 3097 Ἀέναοί
450 3065 478 3096 τε
491 3041 575 3114 πηγαί.
592 3039 683 3098 (116111.
696 3039 712 3095 I
726 3058 771 3096 2ο.

243 3125 338 3191 Πηλός.
366 3126 452 3192 Πηλθς
464 3126 514 3197 γάρ
527 3124 605 3192 έσμεν
615 3125 651 3180 είς
664 3125 710 3191 τὴν
719 3125 792 3194 χεῖρα

283 3209 328 3258 τοῦ
341 3203 463 3276 τεχνίτου.
487 3203 667 3261 (116111.ῙῙ8.

243 3289 334 3355 Πηρός.
364 3288 439 3360 πηροὶ
453 3287 523 3343 ὄντες
536 3291 566 3355 τῇ
581 3287 685 3356 διανοίᾳ.
700 3283 789 3341 Clem.

282 3364 315 3421 ΙΙ
335 3385 357 3422 1.

241 3446 333 3503 Πίνειν.
373 3450 469 3521 ἔφαγέν
495 3471 523 3502 τε
550 3449 590 3502 καί
616 3450 693 3503 ἔπιεν.
727 3447 788 3523 Ign.

281 3526 366 3586 Τ11ι11.
384 3548 411 3602 9.
452 3530 619 3600 παρατεθῆναι
639 3532 732 3600 φαγεῖν
752 3531 792 3583 καί

281 3615 354 3666 πιεῖν.
377 3610 462 3667 Mart.
481 3610 574 3685 Polyc.
592 3623 619 3683 7.

242 3692 355 3746 Πίπτειν.
391 3692 520 3748 πέπτωκεν
537 3694 573 3748 είς
591 3693 636 3761 τὴν
653 3695 701 3764 γῆν
718 3691 789 3762 ξηρά.

283 3771 463 3843 018111124.
507 3776 537 3828 ού
557 3775 588 3827 τὰ
608 3776 707 3827 ε’στῶτα
727 3795 789 3841 στη-

281 3858 365 3924 ρίζειν,
380 3856 448 3909 ἀλλὰ
461 3858 493 3909 τὰ
506 3855 635 3910 πίπτοντα.
660 3853 697 3910 II.
714 3871 741 3909 2.

242 3937 381 3991 Πιστεύειν.
417 3940 482 3992 πᾶσι
500 3941 553 3993 τοῖς
570 3935 735 3992 πιστεύουσιν
751 3936 791 3989 καί

285 4020 434 4086 ε’λπίζουσιν
447 4019 489 4073 ἐπὶ
510 4020 554 4071 τὸν
573 4022 644 4072 θεόν.
668 4015 790 4073 0191111

287 4117 329 4155 12.
373 4101 500 4155 διακόνους
517 4105 568 4153 τῶν
587 4101 732 4169 μελλόντων
748 4121 789 4152 πι-

282 4180 388 4237 στεύειν.
409 4199 455 4250 42.
492 4183 515 4234 σί
530 4182 556 4234 έν
569 4185 672 4253 Χριστῷ
685 4202 788 4234 πιστευ-

282 4264 367 4319 θέντες
376 4265 444 4333 παρὰ
455 4266 520 4316 θεοῦ
531 4264 605 4333 ἔργον
617 4266 722 4314 τοιοῦτο.
741 4279 758 4329 4
761 4278 786 4332 3.

283 4346 335 4399 νυνί
355 4345 383 4398 δέ
401 4343 591 4407 πιστεύσαντες,
606 4345 721 4398 πλείονες
734 4344 787 4413 έγε·

282 4426 381 4495 νόμεθα.
406 4423 439 4480 ΙΙ
457 4443 481 4480 2.
524 4426 565 4478 διὰ
578 4428 623 4478 τοῦ
635 4425 670 4493 μὴ
683 4422 787 4478 πιστεύ-

282 4531 318 4562 ειν
327 4507 430 4577 ίημᾶςτῇ
441 4506 579 4579 ἐπαγγελίᾳ
592 4510 636 4558 τοῦ
649 4509 722 4559 θεοῦ.
743 4520 787 4558 11.

281 4594 332 4643 τῶν
350 4587 719 4655 διακόνων...πεπιστευμε’νων
737 4586 789 4639 δια-

282 4672 364 4725 κονίαν
376 4670 461 4738 Ἰησοῦ
475 4672 594 4741 Χριστοῦ.
618 4666 680 4741 lgn.
691 4664 786 4741 Magn.

284 4753 310 4805 6.
362 4753 387 4806 δί
407 4750 438 4804 ού
457 4751 596 4820 μυστηρίου
617 4751 743 4817 ελάβσμεν
758 4750 788 4802 τδ

282 4833 452 4903 πιστεύεινε).
485 4831 515 4884 ‘0
525 4834 575 4903 γδρ
587 4831 787 4902 Χριστιανισμδς

282 4909 524 4968 ούκ...ε’πίστευσεν.
546 4930 588 4967 10.
614 4914 685 4967 πᾶσα
697 4914 786 4982 γλῶσ-

282 5017 317 5048 σα
336 4993 507 5048 πιστεύσασα.
533 4990 570 5049 11).
606 4991 788 5048 πιστεύσαντες

282 5075 316 5131 είς
339 5076 383 5129 τόν
406 5076 512 5129 θάνατον
535 5076 619 5129 αὐτοῦ.
653 5070 737 5128 Τ1811.
761 5091 786 5128 2.

599 841 744 906 ιιιοιιιι
766 798 1022 906 υσυιιοιιυιι

873 1010 925 1065 κατ’
939 1010 1012 1079 όξίαν
1021 1014 1207 1080 πιστευόμενοι.
1230 1012 1258 1068 6.
1294 1011 1323 1071 δς
1340 1014 1381 1067 καὶ

873 1092 936 1162 ἡμᾶς
953 1093 1013 1148 τοὺς
1030 1091 1196 1150 πιστεύοντας
1218 1095 1285 1169 αι’ττῷ
1301 1093 1381 1151 οὗτος

872 1173 961 1246 ε’γερεῖ.
985 1190 1011 1246 9.
1051 1172 1209 1229 πιστεύσατέ
1221 1198 1273 1245 μοι.
1296 1174 1378 1232 Rom

874 1255 900 1310 8.
936 1254 1049 1310 πιστεύω
1063 1255 1125 1324 ύμᾶς
1138 1257 1309 1328 ἐπεγνωκέναι.
1335 1274 1379 1312 10.

873 1336 900 1390 έν
921 1332 942 1410 φ
963 1339 1003 1390 καί
1026 1335 1209 1394 πιστεύσαντες
1236 1338 1380 1407 ε’σώθησαν.

875 1415 984 1472 Philad.
1000 1432 1028 1489 5.
1058 1418 1177 1472 Πιστεύω
1191 1423 1222 1487 τῇ
1235 1422 1319 1491 χάριτι
1332 1418 1381 1488 Ἰη-

873 1502 923 1554 σοῦ
943 1503 1063 1570 Χριστοῦ.
1087 1499 1113 1554 8.
1149 1500 1176 1554 έν
1189 1504 1225 1574 τῷ
1242 1499 1381 1576 εὐαγγελίῳ

873 1581 903 1634 ού
924 1579 1045 1635 πιστεύω.
1069 1578 1108 1636 11).
1147 1583 1162 1635 ό
1185 1582 1383 1652 πεπιστευμένος

872 1663 905 1715 τδ
925 1663 984 1734 ἅγια
1004 1666 1055 1716 τῶν
1075 1663 1160 1734 όγίων.
1193 1679 1220 1735 9.
1255 1661 1283 1719 δς
1306 1667 1382 1733 μόνος

872 1741 1038 1798 πεπίστευται
1061 1744 1094 1796 τδ
1116 1746 1213 1814 κρυπτὰ
1236 1749 1282 1798 τοῦ
1306 1749 1381 1801 θεοῦ.

873 1821 912 1880 11).
948 1824 991 1877 έδν
1012 1825 1039 1877 έν
1060 1823 1145 1896 θγόπῃ
1166 1823 1309 1894 πιστεύητε.
1340 1824 1380 1882 11).

873 1906 901 1958 ε’ν
922 1907 998 1976 σαρκί
1018 1906 1093 1959 αύτδν
1114 1903 1179 1969 οἶδα,
1203 1908 1243 1961 κα1
1268 1905 1381 1962 πιστεύω

873 1986 939 2040 ὄντα.
963 1984 1076 2061 Smym.
1093 2005 1121 2059 3.
1158 1988 1381 2044 Χαλεύθύςαύτοῦ

872 2068 981 2139 ἥψαντο,
1006 2069 1046 2122 καί
1068 2069 1230 2124 ε’πίστευσιιν.
1256 2068 1296 2124 11).
1339 2070 1382 2124 ε’δν

872 2150 906 2217 μὴ
927 2150 1103 2204 πιστεύσωσιν
1124 2150 1160 2206 είς
1182 2152 1213 2204 τδ
1236 2147 1297 2219 αἷμα
1319 2159 1381 2223 Χρι-

872 2234 945 2285 στοῦ.
969 2230 998 2285 6.
1040 2229 1159 2285 Πιστεύω
1176 2232 1227 2303 γδρ
1240 2236 1271 2301 τῇ
1284 2234 1380 2303 χάριτι.

874 2309 968 2385 Polyc.
996 2323 1021 2383 7.
1068 2310 1250 2370 πιστεύσαντες
1276 2314 1312 2370 είς
1338 2316 1383 2367 τόν

872 2392 1001 2463 ἐγείραντα
1018 2395 1062 2447 τὸν
1075 2392 1167 2465 Κύρων
1182 2393 1260 2463 ἡμῶν.
1283 2392 1381 2468 Polyc.

874 2471 946 2529 Phil.
964 2491 990 2530 2.
1031 2472 1082 2546 είγε
1095 2473 1257 2545 πιστεύομεν.
1281 2488 1307 2546 5.
1347 2477 1382 2545 μὴ

872 2555 969 2626 ταχέως
988 2554 1149 2612 πιστεύοντες
1169 2560 1231 2611 κατιί
1251 2578 1324 2613 τινος.
1352 2557 1380 2612 6.

873 2638 913 2691 καί
926 2637 996 2706 ἡμεῖς
1008 2641 1083 2690 τοῦτο
1097 2636 1291 2705 ἐπιστεύσαμεν.
1315 2638 1340 2693 8.

872 2739 938 2775 στις.
975 2717 1021 2787 τὴν
1045 2719 1184 2790 πανόρετον
1209 2720 1250 2774 καί
1274 2720 1383 2784 βεβαίαν

833 2800 937 2868 Πίύμῶν
959 2796 1053 2855 πίστιν.
1087 2797 1210 2856 Clem.I
1234 2817 1259 2855 1.
1301 2802 1329 2855 ε’ν
1349 2804 1381 2870 τῇ

872 2882 959 2935 πίστει
979 2881 1054 2934 αὐτοῦ
1074 2881 1269 2950 ἀμβλυωπῆσαι.
1294 2899 1322 2953 3.
1351 2882 1381 2935 τδ

872 2965 986 3033 γενναῖον
1006 2965 1050 3030 τῆς
1069 2962 1180 3018 πίστεως
1200 2964 1276 3017 αὐτοῦ
1297 2962 1379 3019 κλέος.

874 3056 901 3113 5.
934 3045 979 3097 τόν
999 3046 1043 3109 τῆς
1065 3040 1176 3100 πίστεως
1196 3044 1303 3110 βέβαιον
1323 3045 1381 3114 δρό·

872 3146 927 3193 μον.
951 3124 979 3178 6.
1018 3127 1066 3178 Διὰ
1078 3123 1168 3179 πίστιν
1179 3127 1219 3179 καί
1232 3125 1382 3197 φιλοξενίαν

872 3206 946 3273 ἐδόθη
960 3206 1027 3279 αύτῷ
1041 3208 1093 3262 υίὸς
1107 3207 1134 3259 έν
1145 3205 1218 3278 γήρα
1246 3224 1289 3262 10.
1332 3207 1381 3260 Διδ

871 3286 960 3341 πίπτω
977 3289 1017 3340 καί
1034 3288 1183 3357 φιλοξενίαν
1196 3288 1280 3356 έσόθη
1292 3287 1372 3351 Ῥαιίβ

875 3384 921 3422 12.
963 3367 992 3422 ού
1014 3372 1090 3435 μόνον
1110 3369 1205 3438 πίστις,
1228 3369 1297 3422 α’λλδ
1317 3390 1381 3441 προ-

872 3449 972 3519 φητεία.
998 3447 1035 3503 ib.
1075 3452 1157 3503 πάντα
1183 3451 1285 3514 βεβαιοῖ
1311 3449 1326 3518 ἡ
1355 3451 1382 3504 έν

871 3534 975 3604 Χριστῷ
989 3531 1082 3586 πίστις.
1109 3547 1155 3585 22.
1192 3531 1218 3584 έν
1230 3529 1381 3599 πεποιθίησει

871 3612 982 3666 πίστεως
1000 3611 1101 3682 ιίγαθης.
1128 3611 1172 3666 26.
1213 3612 1381 3682 Ἀναζωπυρη-

871 3694 942 3746 σότω
962 3691 1006 3746 οὖν
1027 3692 1042 3760 ἡ
1063 3693 1150 3748 πίστις
1171 3694 1248 3746 αὐτοῦ
1268 3695 1296 3747 έν
1312 3693 1379 3762 ἡμῖν.

874 3786 918 3844 27.
942 3773 1060 3843 ἀληθειαν
1070 3775 1111 3827 διὰ
1121 3777 1166 3843 τῆς
1175 3775 1294 3843 πίστεως,
1306 3774 1379 3843 ποιέη-

872 3877 920 3911 σας
932 3872 939 3921 ;
962 3871 1008 3926 31.
1044 3855 1086 3908 διὰ
1105 3857 1150 3924 τῆς
1169 3856 1290 3923 πίστεως,
1306 3856 1338 3910 δι’
1351 3855 1381 3925 ἧς

870 3939 1001 3992 πάντας..
1016 3936 1047 3991 ,ό
1068 3939 1132 3992 θεὸς
1150 3937 1305 3991 ε’διιεαίωσεν.
1331 3954 1377 4009 32.

870 4018 957 4073 πίστις
975 4018 1003 4070 έν
1019 4018 1177 4086 πεποιθησει,
1204 4031 1250 4088 35.
1293 4018 1380 4087 ἥδιό-

870 4121 925 4152 νοια
946 4098 1014 4167 ἡμῶν
1032 4097 1144 4155 πίστεως
1163 4101 1227 4169 πρδς
1246 4102 1377 4155 τὸνθεόν.

869 4176 906 4234 11).
942 4179 957 4247 ἡ
975 4180 1059 4233 τελεία
1082 4181 1144 4233 κατὰ
1165 4181 1253 4234 πίστιν
1272 4180 1378 4252 Ἐσθίηρ.

871 4272 920 4331 55.
963 4261 1014 4329 δύη
1036 4262 1106 4329 πόση
1133 4262 1210 4333 ψυχῇ
1226 4264 1378 4326 ,..πίστιν,

870 4345 963 4412 φόβον.
987 4344 1033 4413 58.
1063 4343 1098 4399 είς
1111 4341 1216 4411 μίμησιν
1228 4345 1273 4412 τῆς
1286 4345 1379 4398 ε’κείνου

869 4424 989 4479 πίστεως.
1012 4421 1125 4497 Fragm.
1141 4422 1170 4479 ii.
1214 4426 1277 4478 κατδ
1292 4426 1380 4480 πίστιν

870 4505 911 4558 καί
930 4504 1036 4576 όγιίπην.
1061 4503 1123 4579 Igu.
1147 4503 1219 4579 Eph.
1246 4523 1272 4561 Ι.
1314 4507 1378 4561 ύπα·

871 4586 1006 4656 λειφθῆναι
1026 4586 1119 4640 πίστει.
1142 4603 1170 4656 3.
1212 4588 1301 4658 ὥσπερ
1321 4588 1379 4641 σύδί

870 4666 885 4734 ἡ
907 4668 995 4723 πίστις
1016 4669 1047 4720 τὰ
1067 4670 1111 4736 τῆς
1132 4668 1259 4733 ἀπιστίας,
1283 4669 1341 4722 ούδὲ
1364 4668 1379 4737 ἡ

869 4747 974 4802 ἀπιστία
993 4750 1025 4801 τὰ
1044 4751 1088 4817 τῆς
1107 4750 1228 4806 πίστεως.
1252 4751 1280 4804 8.
1317 4749 1379 4818 ἡδί

868 4830 955 4885 πίστις
983 4830 1051 4897 ύμῶν
1073 4830 1216 4902 όναγωγεύς
1243 4831 1318 4899 ὑμῶν.
1351 4848 1377 4903 9.

868 4911 962 4980 έδροῖοι
975 4914 1006 4979 τῇ
1021 4911 1116 4965 πίστει.
1143 4929 1187 4967 1ο.
1229 4913 1256 4967 έν
1268 4916 1300 4981 τῇ
1314 4915 1375 4982 όμο-

869 4992 923 5060 νοίᾳ
948 4993 1015 5060 ὑμῶν
1036 4995 1082 5060 τῆς
1104 4993 1224 5049 πίστεως.
1249 5010 1295 5065 13.
1336 4994 1381 5048 έθν

869 5074 971 5128 τελείως
992 5073 1027 5129 είς
1050 5073 1151 5142 Ἰησοῦν
1171 5077 1285 5146 Χριστὸν
1303 5075 1379 5144 ίχητε
