3250 6617
408 1067 475 1130 xliv
656 1066 986 1131 RECENTIORUM
1007 1068 1029 1130 J
1032 1067 1193 1132 UDICIA

409 1238 574 1316 effinxisse,
600 1246 632 1303 et
657 1262 734 1323 opus
763 1240 901 1304 effictum
931 1240 964 1303 in
994 1240 1095 1305 lucem
1120 1240 1231 1304 exiisse
1257 1239 1339 1304 eirea
1364 1239 1459 1305 tertii

409 1341 523 1404 saeouli
538 1344 643 1420 tinem,
658 1342 709 1407 vel
723 1342 828 1427 quarti
842 1343 944 1420 initia,
961 1344 1142 1407 hariolatur.

454 1443 513 1506 IV.
537 1445 586 1508 De
611 1468 740 1509 numero
763 1445 975 1529 Epistolarum
1002 1470 1080 1531 quae
1104 1447 1238 1511 Eusebio
1263 1452 1456 1511 memoratae

410 1554 495 1623 sunt,
525 1547 689 1631 aliquando
719 1548 844 1612 dubitat
875 1548 1032 1627 Dallaeus,
1055 1572 1166 1633 easque
1193 1550 1255 1613 Sex
1282 1550 1454 1633 Septemve

409 1673 499 1734 saepe
521 1651 680 1730 nominat3
712 1674 750 1716 ex
772 1652 907 1736 vulgari,
930 1652 1057 1731 scilieet,
1082 1653 1227 1737 opinione
1250 1653 1389 1738 Septem,
1414 1676 1453 1718 ex

410 1753 560 1836 singulari
580 1755 701 1818 Usserii
719 1754 876 1818 sententia
894 1755 974 1817 Sex:
998 1756 1164 1840 aliquando
1187 1778 1351 1820 numerum
1374 1756 1453 1819 satis

409 1857 598 1921 confidenter
634 1857 785 1940 assignat,
819 1864 851 1920 et
889 1857 950 1921 Sex
987 1865 1113 1922 tantum
1150 1859 1270 1923 asserit.
1319 1857 1454 1922 “Quod

409 1969 430 1998 “
445 1960 550 2038 vero,'’
565 1960 680 2043 inquit,
696 1961 825 2044 “vulgo
846 1967 962 2043 putant
984 1962 1141 2045 quandam
1163 1965 1203 2026 ab
1225 1962 1362 2026 Eusebio
1383 1984 1452 2025 me·

408 2063 556 2125 “morari
586 2085 723 2126 seorsum
756 2063 797 2125 ad
826 2062 1033 2147 Polycarpum
1063 2064 1222 2149 scriptam,
1251 2064 1452 2129 doctissimus

409 2173 429 2203 “
449 2165 591 2228 Usserius
626 2166 706 2228 hane
740 2187 804 2227 non
838 2165 1003 2243 diversam,
1034 2167 1088 2231 sed
1122 2190 1218 2231 unam
1253 2174 1286 2231 et
1319 2168 1452 2231 eandem

409 2278 429 2307 “
445 2291 552 2332 revera
569 2292 639 2331 eum
654 2268 796 2351 Epistola
818 2292 896 2352 quae
918 2274 966 2333 est
984 2271 1024 2333 ad
1043 2271 1241 2355 Smyrnaeos,
1257 2271 1296 2334 ab
1314 2271 1452 2336 Eusebio

408 2381 429 2410 “
445 2371 591 2455 intelligi,
617 2380 650 2434 et
675 2371 854 2434 aautissime
884 2372 1020 2456 conjicit,
1047 2381 1080 2437 et
1105 2397 1141 2437 ex
1171 2374 1366 2459 Hieronymo
1395 2374 1452 2439 de-

408 2485 429 2513 “
444 2480 609 2539 monstrat.
655 2475 698 2537 Et
719 2474 800 2537 hane
823 2475 934 2539 merito
956 2476 995 2538 ab
1018 2477 1231 2560 Epistolarum
1252 2478 1293 2540 ab
1315 2477 1453 2542 Eusebio

408 2586 430 2616 “
444 2577 598 2640 dictarum
613 2600 707 2641 censu
722 2578 963 2660 expungendam
977 2578 1117 2661 colligit3
1141 2585 1346 2663 numeratque
1367 2578 1454 2644 iuter

408 2690 429 2720 “
445 2704 506 2758 eas,
535 2702 611 2764 quas
643 2681 783 2745 nondum
813 2682 940 2745 Euseliii
973 2690 1006 2746 et
1037 2682 1224 2769 Hieronymi
1254 2682 1450 2766 temporibus

409 2783 601 2848 “exstitisse
627 2784 816 2847 validissime
841 2785 986 2868 probat.”
1033 2785 1126 2849 Hane
1151 2785 1251 2869 igitur
1274 2784 1453 2868 Epistulam

408 2887 448 2951 ad
463 2887 670 2971 Polycarpum
684 2888 724 2951 ab
739 2888 800 2951 alio
817 2888 992 2971 Impostore
1006 2889 1064 2952 sub
1079 2889 1191 2972 quinto
1207 2888 1328 2953 saeculo
1343 2888 1453 2952 fictam

407 2994 511 3073 putat.

452 3093 624 3156 Pearsouus
654 3116 726 3157 vero
760 3116 818 3157 nee
854 3094 998 3177 priorem,
1029 3115 1085 3157 nee
1119 3092 1321 3177 posteriorem
1357 3095 1455 3178 hujus

409 3196 569 3279 Epistolae
599 3197 752 3260 Pictorem
785 3197 929 3281 agnoseit
940 3223 949 3273 ;
984 3202 1016 3260 et
1045 3197 1128 3260 inter
1158 3197 1287 3281 Septem
1315 3196 1454 3262 Eusebio

408 3306 605 3376 memoratae,
635 3306 668 3364 et
700 3323 719 3363 a
752 3324 784 3363 se
819 3299 1027 3363 defendendas
1062 3299 1190 3363 omnino
1225 3300 1453 3364 numerandam

408 3409 534 3466 censet:
557 3403 681 3465 easdem
701 3425 808 3466 omnes
823 3402 857 3465 in
874 3401 1097 3487 Polyearpiana
1112 3404 1274 3489 Συναγωγῇ
1294 3402 1453 3482 collectas,

407 3504 566 3588 Epistulae
585 3507 660 3589 ejus,
676 3505 709 3567 in
724 3512 883 3569 conventu
897 3505 991 3568 Asiae
1012 3528 1068 3588 per
1087 3505 1208 3589 aliquot
1228 3506 1349 3569 saecula
1369 3508 1453 3590 pub-

406 3607 465 3672 lice
486 3607 593 3686 lectae,
615 3609 805 3693 subjunctas,
829 3616 862 3672 et
883 3632 901 3672 a
925 3609 957 3671 S.
974 3609 1118 3694 Martyre
1140 3609 1331 3693 conscriptas
1353 3610 1453 3676 fuisse

407 3719 618 3776 asseveranter
639 3712 808 3776 contendit.
855 3711 1053 3775 Sententiam
1074 3711 1195 3775 Dallaei
1218 3711 1256 3776 de
1275 3712 1454 3796 Impostore

406 3816 519 3900 primo,
547 3816 608 3879 Sex
634 3816 790 3900 Epistulas
816 3820 888 3898 post
914 3815 1064 3878 ducentos
1088 3816 1127 3878 ab
1151 3815 1272 3898 Ignatii
1298 3816 1453 3900 martyrio

407 3943 506 3983 annos
521 3919 554 3982 in
569 3920 669 3983 lueem
684 3921 869 4003 proferente,
881 3925 914 3982 et
929 3918 1073 3996 seeundo,
1084 3919 1172 3981 illam
1187 3918 1227 3980 ad
1242 3918 1453 4004 Polycarpum

408 4030 479 4106 post
502 4022 651 4086 <lucentes
675 4022 771 4085 etiam
794 4021 871 4085 alios
901 4020 1104 4104 parturiente,
1129 4022 1329 4105 figmentum,
1352 4021 1453 4087 immo

408 4131 589 4210 portentum
605 4148 670 4189 esse
680 4125 812 4209 judicat.

451 4229 511 4293 Pro
535 4229 636 4292 tribus
661 4228 791 4306 Usserii,
816 4233 950 4311 quatuor
979 4227 1116 4290 diversas
1147 4227 1268 4311 Ignatii
1298 4226 1453 4293 editiones

407 4334 481 4397 olim
497 4333 668 4396 obtinuisse
683 4332 806 4396 statuit.
853 4331 957 4393 Prima
979 4331 1041 4395 fuit
1061 4352 1221 4413 germana,
1237 4331 1452 4415 Epistolarum

406 4441 532 4499 tantum
563 4436 689 4519 Septem
701 4461 710 4512 3
745 4435 957 4519 aPolycarpo
988 4434 1083 4511 edita,
1106 4440 1139 4497 et
1167 4433 1265 4517 ipsius
1290 4433 1453 4517 Epistolae

406 4540 446 4603 ad
479 4539 693 4624 Philippenses
729 4539 878 4624 subjecta,
917 4538 1055 4614 Irenaeo,
1085 4536 1268 4621 Theophilo,
1304 4536 1452 4621 Origeni,

406 4643 551 4721 Eusebio,
580 4642 765 4721 Athanasio,
796 4643 1032 4727 Clrrysostomo,
1065 4640 1269 4724 Hieronymo,
1307 4640 1451 4705 Theodo-

408 4754 483 4822 ret0,
500 4746 635 4823 Gelasio,
656 4747 837 4828 Eplrraim0,
860 4745 1016 4808 Antiocho
1039 4743 1176 4824 cognita.
1223 4743 1365 4807 Secunda
1387 4744 1453 4808 fuit

408 4848 573 4911 earundem
589 4848 800 4931 Epistolarum
825 4848 963 4931 Septem,
986 4847 1040 4909 sed
1062 4845 1269 4928 interpolata:
1293 4846 1393 4930 qualis
1415 4848 1451 4911 in

408 4956 483 5014 suot
511 4951 678 5034 exemplari
708 4952 827 5014 (lraeeo
858 4950 931 5013 MS.
962 4957 1075 5026 exstat,
1113 4948 1274 5032 Stephano
1312 4950 1450 5028 Gobar0,

439 5185 450 5220 t
466 5181 557 5229 Habeo
575 5182 700 5245 exemplar
716 5181 773 5231 MS.
789 5183 920 5241 Graecum,
937 5182 997 5230 rnihi
1018 5200 1034 5229 a
1051 5183 1110 5230 Viro
1127 5181 1200 5229 docto
1216 5188 1242 5229 et
1259 5181 1449 5245 Antiquitatum
