3250 6617
479 1088 539 1151 AD
563 1086 845 1162 CORINTHIOS,
869 1085 921 1147 lvi.
1152 1084 1215 1147 203

173 1262 408 1337 circumsessa
434 1272 541 1347 esset
569 1261 714 1361 rogavit
740 1260 898 1333 seniores
929 1269 972 1331 ut
998 1256 1067 1331 sibi
1092 1256 1216 1330 liceret

176 1378 216 1453 in
240 1376 526 1477 alienigenarum
550 1386 670 1451 castra
689 1376 788 1451 exire
804 1405 812 1463 ;
840 1386 879 1449 et
897 1373 1054 1473 periculo
1073 1400 1111 1446 se
1128 1373 1216 1471 obji-

172 1494 283 1582 ciens,
310 1503 460 1593 propter
485 1520 646 1567 amorem
675 1493 815 1590 patriae
842 1490 1040 1591 populique
1070 1490 1216 1575 obsessi,

174 1637 322 1713 egressa
345 1619 425 1699 est;
453 1620 492 1685 et
508 1608 664 1683 tradidit
684 1610 784 1683 Deus
809 1608 1054 1707 Olophemem
1078 1608 1117 1681 in
1143 1635 1216 1681 ma-

174 1754 247 1801 nus
262 1725 433 1801 mulieris.
485 1726 571 1799 Non
590 1726 721 1799 minori
745 1724 906 1825 perfecta
927 1724 1052 1799 infide
1071 1724 1216 1811 Esther,
1230 1740 1301 1818 Ffph.
1319 1740 1361 1799 αἱ,

174 1852 220 1919 ut
240 1842 432 1919 duodecim
458 1843 577 1917 tribus
602 1842 717 1915 Israel
740 1842 787 1915 ab
813 1842 966 1915 instanti
992 1842 1105 1915 exitio
1129 1840 1217 1913 libe-
1230 1822 1279 1855 ‘⁵¹¹¹'

173 1970 284 2049 taret,
313 1958 473 2060 periculo
503 1960 661 2059 seipsam
686 1959 840 2057 objecit:
869 1986 934 2057 per
953 1958 1095 2057 jejunia
1120 1958 1254 2032 enimn
1268 1996 1305 2045 15.

174 2084 216 2151 et
230 2076 531 2163 humiliationem,
548 2075 761 2175 suppliciter
777 2077 896 2148 oravit
913 2102 1034 2148 rerum
1055 2075 1217 2148 omnium

174 2192 417 2293 inspectorem
452 2191 663 2277 Dominum,
697 2190 923 2265 saeculorum
966 2192 1109 2279 Deum,
1154 2191 1216 2290 qui

175 2309 290 2384 animi
306 2309 386 2408 ejus
402 2308 649 2383 humilitatem
667 2334 826 2396 cernens,
845 2308 1020 2407 populum
1038 2309 1217 2396 liberarit,

175 2425 281 2527 cujus
295 2426 417 2525 gratia
433 2424 633 2525 periculum
652 2424 822 2498 subierat.

226 2541 326 2616 LVI.
354 2541 511 2618 Oremus
535 2542 651 2641 igitur
672 2552 711 2615 et
732 2568 800 2615 nos
824 2568 890 2640 pro
917 2543 967 2615 eis
991 2543 1054 2639 qui
1077 2542 1115 2614 in
1138 2568 1218 2641 pec·

175 2667 301 2734 catum
324 2658 473 2758 aliquod
498 2658 590 2757 lapsi
615 2669 714 2745 srmt,
740 2668 784 2731 ut
813 2658 1014 2732 moderatio
1037 2668 1076 2731 et
1100 2657 1219 2731 humi-

177 2772 262 2851 litas
290 2776 345 2851 eis
372 2774 601 2859 concedatur,
627 2784 672 2847 ut
699 2802 772 2848 non
806 2774 910 2848 nobis
944 2774 1007 2847 sed
1034 2772 1218 2847 voluntati

220 3018 265 3058 10.
294 2997 484 3080 παπιαόιιτιρ]
525 3000 572 3059 lta
611 3020 677 3059 eum
718 3000 873 3071 Ruchatus,
888 3000 912 3057 le
927 3000 1064 3057 (erttutr
1078 2999 1220 3057 variarat

177 3078 316 3141 Wcttonc
339 3080 449 3139 Russel.
476 3080 549 3139 Gall.
573 3082 677 3140 Schoe·
717 3084 760 3139 dn
773 3082 890 3139 Mende.
913 3081 1142 3147 chrernnnnus,
1164 3082 1216 3137 Ile-

177 3180 251 3221 nem.
262 3161 356 3221 Hefel
366 3161 542 3239 Reithmayr.
553 3171 582 3222 et
591 3164 677 3222 Dres-
717 3184 769 3221 ura
793 3174 946 3221 ‹retem-um.
981 3162 1132 3219 Versiones
1155 3182 1216 3221 cue-

177 3243 271 3303 aelina
292 3243 391 3321 Atque
404 3244 446 3303 ita
455 3242 556 3304 Codex
566 3244 677 3315 MStua,
717 3253 796 3303 teme
817 3244 935 3302 Latinae
955 3244 1076 3301 lunium
1096 3264 1217 3320 sequnn-

176 3323 208 3383 in
220 3344 279 3403 quo
291 3332 388 3384 umen
401 3326 507 3384 Junius
524 3335 554 3384 et
568 3326 678 3383 Millius
717 3334 774 3397 tur,
788 3327 965 3384 edendorum
979 3326 1080 3383 Deum.

176 3405 233 3465 aibi
258 3406 313 3465 viai
340 3412 408 3465 sunt
433 3406 528 3485 legere
552 3418 677 3463 ΠΑΝΤΕ-
763 3426 806 3465 12.
827 3408 965 3480 ἐρρύσατο]
992 3406 1091 3463 (lodex
1115 3405 1218 3464 MStus

177 3496 333 3559 ΠοΗΤΗΝ,
347 3508 419 3565 quos
431 3488 521 3547 secuti
533 3488 606 3546 Edd
616 3508 677 3547 oac-
718 3499 873 3544 ΕΡΥΣΑΤο.
916 3487 987 3544 Vide
1002 3508 1028 3564 p.
1046 3504 1082 3559 32
1105 3486 1122 3544 1.
1140 3490 1166 3543 8.

177 3568 585 3641 tedexhibentaanmmmtv.
620 3570 677 3627 Vc·
758 3569 795 3627 ib.
819 3572 853 3625 ln
874 3565 960 3647 χάριν]
995 3568 1087 3643 t'ujrcs
1109 3568 1215 3642 prolia,

176 3668 241 3709 cem
252 3656 438 3723 παπαπόιιπρν.
447 3650 533 3727 hujus
545 3651 600 3710 loci
615 3670 677 3709 aen·
717 3670 767 3709 seu
781 3650 937 3708 seeundum
951 3649 1063 3706 litorum
1079 3648 1217 3707 Graecam

177 3731 286 3791 tentiae
308 3732 401 3791 multo
422 3732 571 3809 aptiorem,
592 3733 678 3791 habes
717 3752 843 3807 qrtomrm
864 3730 984 3805 protim-
1005 3729 1046 3788 ita
1066 3738 1161 3787 tamen
1184 3740 1217 3789 ut

177 3812 227 3871 nr
257 3812 274 3889 ἦ
298 3816 346 3887 58,
375 3821 405 3874 et
431 3813 507 3891 apud
535 3813 568 3871 B.
593 3813 675 3890 Poly·
715 3814 787 3872 illud
809 3832 933 3887 quorum
954 3811 1061 3888 puriter
1079 3811 1218 3869 reseratur

177 3913 296 3973 carpum
319 3894 351 3953 in
372 3894 464 3972 Epist.
492 3894 529 3953 ad
551 3894 673 3972 Philipp.
715 3895 753 3953 ad
766 3893 913 3971 populum,
924 3894 1001 3969 quod
1015 3912 1118 3951 nomen
1128 3912 1217 3969 quum

177 3976 241 4051 Π.
283 3976 394 4035 Eadem
416 3976 461 4035 nai
485 3983 552 4036 aunt
576 3976 674 4053 Cyrill.
717 3976 898 4035 collectivum
928 3976 974 4047 sit,
1003 3975 1075 4033 hanc
1109 3974 1218 4051 patitur

177 4056 260 4117 Alex.
275 4056 391 4117 inFaai.
404 4058 441 4125 lv,
456 4058 529 4135 Opp.
542 4058 563 4114 ii
576 4078 604 4133 p.
618 4060 674 4131 767
718 4056 965 4116 constructionem
1002 4056 1150 4130 Quocirca,
1165 4057 1217 4113 mi-

177 4138 222 4197 ed.
238 4138 356 4197 Aubert.
384 4140 491 4197 'Evam
503 4142 535 4195 τὸ
547 4145 678 4211 πανταχοῦ
717 4159 771 4197 nus
791 4139 884 4217 placet
902 4138 1055 4197 hieremie
1074 4138 1216 4209 Cotelerii,

176 4220 301 4278 διήσθαι
323 4222 432 4295 :adopta
451 4226 489 4297 τῷ
514 4224 677 4289 senaar„
714 4231 832 4297 propter
850 4220 978 4296 perinde
994 4240 1066 4293 qum
1083 4220 1136 4276 illa
1154 4219 1217 4276 acli-

178 4308 292 4380 Χριστῷ.
314 4308 344 4361 et
356 4302 445 4361 Clam.
457 4301 539 4359 Alex.
553 4300 676 4377 Peedag.
718 4312 787 4360 erat.
810 4300 1033 4360 COUSTANT.

177 4382 210 4442 iii
226 4385 254 4455 8,
274 4402 302 4460 p.
320 4386 377 4441 280
397 4383 440 4441 ed.
457 4384 564 4442 Potter.
593 4384 677 4440 Ἐααῖ-
762 4398 804 4457 15.
821 4378 1015 4461 παραπτώματι]
1030 4380 1217 4452 Junius‚Fel-

178 4466 223 4521 δαν
239 4466 330 4523 eorde
352 4468 565 4535 deremendum
587 4470 677 4539 Λόγοι,
717 4464 771 4537 lus,
794 4472 824 4522 et
846 4463 1022 4522 Colomcsius
1045 4467 1218 4535 αεριπτώρατι

177 4544 209 4601 tv
229 4546 275 4603 oda
298 4548 356 4603 ἔστι
379 4548 467 4603 λαθεῖν
485 4548 576 4603 ἀνόσια
599 4548 678 4619 δρῶν-
718 4546 871 4623 legendum
905 4564 965 4603 ease
994 4550 1128 4602 censent:
1164 4564 1218 4619 ego

177 4650 229 4687 m.
717 4624 796 4765 heum
811 4622 967 4705 Cotelerio]
982 4646 999 4681 ιι
1013 4625 1068 4682 lide
1082 4624 1143 4682 MS.
1161 4644 1218 4681 non

221 4726 265 4767 11.
294 4712 360 4765 θεὸν
384 4714 435 4765 τῶν
460 4704 578 4787 αἰώνων]
616 4708 678 4766 Ηιιιι
738 4708 839 4767 iscedo.
891 4706 1004 4764 Alludit
1031 4705 1218 4782 proculdubio

175 4788 352 4849 mrarie
364 4796 478 4847 tentant
491 4788 676 4865 Interpretes.
720 4790 748 4847 S.
770 4790 855 4848 Pater
876 4789 912 4846 ad
934 4787 1004 4845 illud
1027 4787 1058 4845 B.
1077 4786 1217 4862 Apostoli,

177 4868 254 4929 (luit
269 4868 390 4929 Burton.
405 4869 503 4943 vertit,
517 4870 685 4945 lheGodos
716 4872 849 4943 Ἀδελφοί,
874 4872 917 4926 ἐὰν
943 4871 983 4925 καὶ
1008 4872 1147 4942 αραλιρφθῡ
1175 4870 1216 4924 Aa

176 4950 221 5011 aa
231 4970 298 5027 aqu
310 4950 349 5027 qs
354 4950 399 5010 lde
410 4952 508 5011 world.
549 4952 676 5025 Wuklm,
718 4954 820 5027 θρωποα
829 4955 856 5008 ἔν
863 4974 912 5007 τινι
921 4954 1112 5024 παραπτώματι,
1122 4974 1145 5007 κ.
1156 4975 1179 5006 τ.
1188 4955 1215 5007 λ.

177 5030 222 5091 llo
247 5032 314 5093 cod
338 5032 376 5107 os
395 5034 503 5109 spirits.
556 5033 677 5092 Cheval·
718 5033 780 5093 (nl.
796 5032 825 5091 ια’
844 5052 867 5091 1.
910 5030 997 5090 Aliud
1014 5050 1082 5089 sane
1100 5030 1153 5089 hoc
1173 5039 1216 5091 est

177 5112 284 5187 lierina,
302 5114 347 5173 ua
367 5114 433 5175 cod
451 5114 489 5189 os
499 5114 544 5173 ua
563 5116 675 5175 wardia.
716 5122 926 5193 argumentum,
950 5112 1129 5171 retinendam
1156 5134 1216 5171 esse

178 5194 350 5277 Heraogins,
363 5196 419 5255 den
427 5194 493 5256 dou
505 5196 557 5257 der
567 5198 676 5257 Zeiten.
717 5216 817 5255 vocem
830 5200 1019 5271 παραπτώματι.
1043 5194 1163 5254 WOTT.

781 5290 872 5359 nda
