3250 6617
472 1082 531 1145 DE
554 1082 586 1145 S.
611 1082 790 1146 IGNATII
812 1083 1052 1147 EPISTOLIS.
1235 1082 1278 1145 liii

242 1254 542 1335 Kireheaqeseliclte,
566 1279 596 1338 p.
626 1272 667 1338 70
693 1255 740 1319 ed.
766 1256 906 1339 quintae,
934 1255 1146 1319 Schmidtium
1172 1256 1281 1333 secuti,
1295 1273 1396 1322 Ηιιίιιι.

242 1361 405 1439 utramque
421 1357 645 1420 Recensiouem
668 1381 706 1422 ex
729 1359 949 1422 immutatione
968 1358 1099 1441 genuini
1121 1359 1282 1443 cujusdam

242 1459 426 1543 exemplaris
441 1467 542 1523 ortam
558 1483 623 1523 esse
638 1467 827 1524 statuerunt.

285 1561 427 1639 Brutina,
452 1570 580 1645 propter
602 1562 732 1626 nimiam
753 1563 902 1647 Martyrii
927 1564 1141 1646 cupiditatem,
1160 1571 1193 1627 et
1215 1586 1281 1627 mo·
1296 1577 1372 1627 Bous.

243 1663 374 1726 destiam
385 1664 550 1727 absurdam
563 1687 634 1728 cum
644 1665 817 1747 jactatione
827 1664 929 1727 virum
939 1664 1142 1747 apostolicum
1152 1664 1283 1728 minime

243 1766 369 1830 decente
398 1769 609 1851 conjunctam,
633 1789 726 1850 quam
756 1766 995 1849 deprehendisse
1024 1766 1084 1829 sibi
1108 1767 1193 1830 visus
1222 1774 1281 1844 cst,

243 1868 398 1953 Epistulas
413 1877 535 1934 nostras
550 1870 589 1932 ab
606 1869 733 1952 Ignatic
748 1869 863 1932 diserte
877 1869 1077 1954 abjudicavit.

285 1972 380 2035 Bauri
405 1973 576 2036 sententias
601 1971 757 2056 repetiisse
783 1971 1038 2050 Scnvusmnuu,
1064 1972 1098 2035 iu
1124 1973 1203 2036 libro
1227 1975 1282 2036 dar
1293 1977 1441 2042 aohwsgler.

242 2075 509 2156 nechepmtolieche
523 2075 674 2151 Zeileltet,
691 2080 826 2137 testatur
838 2074 991 2151 Hefclius,
1002 2073 1123 2158 Proleg.
1140 2099 1170 2159 p.
1181 2076 1280 2138 xlviii.

285 2179 461 2257 1111111111,
484 2179 608 2241 Studien
630 2202 659 2240 a.
679 2178 830 2255 Kritiken,
850 2178 942 2264 1839,
965 2178 1187 2263 pp.136-180,
1210 2180 1281 2242 Hu—
1294 2193 1387 2242 Arndt.

241 2301 372 2359 1111111111,
394 2282 428 2345 in
452 2281 578 2365 Illgenii
601 2282 771 2366 Zeitrclrrift
783 2284 847 2365 Ji'c'r
868 2282 970 2343 lister.
993 2282 1142 2362 Theoloyie
1155 2290 1232 2346 tem.
1249 2282 1282 2345 xi
1296 2258 1405 2308 Humor.

242 2385 315 2448 fasc.
330 2405 363 2465 4,
382 2386 474 2467 1841,
490 2409 520 2469 p.
538 2387 578 2451 62
595 2408 641 2468 sq,
657 2392 689 2448 ct
704 2384 803 2447 fusius
820 2385 1128 2462 Diusruumacnrus,
1138 2386 1171 2447 in
1187 2386 1281 2448 Com·
1295 2393 1412 2471 unaar-

241 2490 434 2554 meutatione
449 2489 585 2573 praemio
601 2489 687 2572 regio
702 2488 784 2571 apud
801 2487 1028 2570 Gottingcuses
1050 2497 1169 2566 ornata,
1188 2490 1281 2576 1843,
1294 2458 1374 2508 ‘M'

244 2591 442 2655 Recensiouis
456 2591 605 2655 brevioris
620 2591 837 2674 integritatem
853 2590 1066 2654 dcl'euderuut.

286 2693 491 2758 Quaestioues
503 2695 541 2758 de
551 2694 671 2776 Ignatii
682 2694 815 2778 Scriptis
827 2693 962 2756 breviter
973 2694 1027 2757 scd
1039 2694 1283 2761 luculentissime
1296 2705 1417 2755 01111111.

242 2796 425 2879 perstrinxit
436 2797 609 2859 Euvnnurs
619 2797 785 2873 Cnunron,
797 2794 1013 2859 Clcvclandiac
1026 2797 1282 2876 Archidiaconus,

242 2899 276 2961 iu
299 2899 445 2962 Pearsoni
470 2900 553 2962 vitae
579 2898 781 2982 expositione,
809 2898 963 2980 Operibus
994 2898 1165 2961 minoribus
1195 2923 1282 2982 prac-

242 3001 346 3079 missa,
362 3025 413 3086 pp.
430 3001 595 3079 lxii-lxxx,
615 3001 696 3081 1844
705 3027 714 3076 ;
738 3023 857 3063 necnon
877 3000 911 3062 iu
928 3000 1122 3064 Pracl'atione
1140 3009 1172 3064 ct
1188 3002 1283 3066 Notis

242 3127 355 3169 novam
377 3106 591 3170 Vindiciarum
614 3105 783 3168 editionem
810 3126 933 3166 summa
958 3126 1032 3166 cura
1054 3109 1087 3167 et
1110 3105 1283 3169 eruditione

242 3208 281 3270 ad
295 3207 462 3272 hodiernae
477 3207 704 3271 controversiae
719 3212 837 3270 statum
853 3205 1110 3283 accommodavit,
1130 3206 1220 3289 1852.

288 3311 457 3374 Hmuucus
495 3311 635 3387 Tamari,
674 3309 920 3373 Archidiaconus
958 3308 1199 3388 Bedfordiensis,
1236 3311 1286 3374 vir
1296 3326 1406 3374 Totam.

242 3414 340 3478 literis
351 3414 490 3498 Copticis
506 3414 744 3491 versatissimus,
754 3413 938 3478 Versiouem
955 3412 1115 3496 Syriacam
1127 3414 1285 3497 Epistolae

242 3518 281 3580 ad
304 3517 509 3602 Polycarpum
529 3517 561 3579 111
588 3518 701 3581 Codice
724 3525 796 3579 autc
813 3518 853 3579 A.
870 3517 911 3580 D.
927 3517 989 3598 556
1013 3523 1137 3579 exarato
1160 3519 1283 3601 reperit.

243 3623 338 3684 Anno
361 3631 467 3683 autem
491 3620 584 3701 1842,
609 3620 723 3682 iterum
748 3619 779 3682 in
804 3622 989 3703 Aegyptum
1014 3619 1180 3701 profectus,
1203 3621 1286 3685 inter

244 3724 359 3787 multos
383 3723 512 3786 Codices
534 3723 572 3786 de
594 3723 759 3785 Monachis
778 3721 992 3785 Nitriensibus
1014 3721 1055 3783 ad
1078 3744 1151 3784 usus
1174 3723 1284 3788 biblio·

243 3828 351 3891 thecae
367 3826 472 3889 Musei
488 3825 662 3889 Britannici
677 3833 826 3900 coemtos,
841 3847 940 3887 unum
955 3824 1075 3887 saeculo
1091 3825 1223 3908 septimo
1235 3825 1284 3890 vel

243 3938 354 3994 octavo
376 3929 528 4012 scriptum
550 3928 669 4005 retulit,
691 3928 863 3991 versionem
889 3928 1049 4011 Syriacam
1073 3928 1283 4011 Epistolarum

244 4033 284 4097 ad
298 4032 460 4116 Ephesios,
476 4032 515 4094 ad
530 4031 699 4109 Romanos,
714 4040 746 4095 et
769 4031 808 4094 ad
831 4030 1038 4115 Polycarpum
1061 4032 1285 4109 coutinentem,

244 4159 393 4200 unacum
408 4134 548 4219 pluribus
566 4135 779 4218 Epistolarum
795 4134 1034 4217 Ignatianarum
1051 4134 1259 4217 Fragmentis.

290 4239 377 4303 Haec
407 4238 524 4302 scilicet
547 4238 656 4302 Versio
687 4238 815 4302 exhibet
844 4260 908 4301 non
936 4237 997 4300 nisi
1025 4244 1088 4301 tres
1117 4237 1285 4321 Epistolas,

245 4342 376 4426 scriptas
391 4343 431 4405 ad
454 4342 486 4404 S.
504 4341 722 4427 Polycarpum,
739 4341 779 4404 ad
793 4341 957 4424 Ephesios,
972 4340 1012 4403 ad
1028 4340 1205 4417 Romanos;
1231 4342 1286 4405 sed

246 4468 324 4530 quae
347 4467 411 4509 non
434 4444 559 4528 penitus
583 4443 771 4527 respondent
792 4443 930 4520 Graecis,
952 4450 994 4520 et,
1017 4466 1114 4526 quum
1138 4466 1284 4527 magnam

247 4558 366 4633 partem
388 4549 486 4611 trium
503 4547 715 4631 Epistolarum
738 4547 904 4624 omittunt,
922 4555 1044 4629 partem
1067 4545 1225 4628 Epistolae
1247 4547 1287 4611 ml

247 4651 418 4715 Trallianos
432 4652 466 4714 in
481 4651 583 4714 media
598 4650 739 4733 Epistola
753 4650 793 4712 ad
809 4650 967 4712 Romanos
982 4648 1100 4712 habent
1114 4648 1274 4730 insertam.

291 4754 413 4818 Deinde
434 4754 648 4836 redintegrata
667 4761 716 4815 est
737 4752 775 4815 lis
795 4751 850 4813 illa
870 4751 908 4814 de
924 4750 1101 4834 Ignatianis
1115 4759 1148 4815 ct
1163 4759 1285 4816 contro·

248 4858 348 4922 versia
369 4864 437 4920 tota
459 4879 537 4940 quac
558 4856 687 4919 definita
703 4855 826 4939 jamdiu
845 4854 938 4916 Bullo
959 4854 1026 4917 visa
1046 4861 1103 4917 est.
1149 4855 1199 4918 Cs.
1216 4855 1284 4919 Fid.
1298 4873 1395 4923 Rullus.

249 4961 321 5024 Nic.
347 4960 416 5024 Des.
437 4960 453 5023 I
474 4959 496 5021 ii
519 4976 547 5042 7.
593 4957 775 5021 Versioucm
800 4956 885 5020 enim
909 4956 1068 5040 Syriacam
1090 4957 1138 5020 vir
1163 4980 1232 5021 acer
1254 4964 1287 5021 et

248 5063 476 5130 eruditissimus
507 5063 710 5125 Gumrnuuvs
739 5061 902 5138 0111111011,
933 5060 966 5122 S.
991 5060 1026 5123 Τ.
1053 5060 1086 5125 P.
1112 5060 1416 5129 Canonicusmroton.

249 5167 603 5243 westmonasteriensis,
619 5174 695 5228 tunc
715 5165 865 5248 temporis
885 5164 983 5228 Codd.
1005 5166 1285 5250 manuscriptorum
