3250 6617
368 1062 402 1125 lx
702 1061 761 1124 DE
785 1061 818 1124 S.
836 1061 1087 1125 POLYCARPI

368 1240 444 1308 μόνον
457 1237 507 1293 ὑπὸ
519 1236 687 1292 Ἀποστόλον
699 1237 869 1307 ραθητευθείς,
883 1240 924 1293 καὶ
938 1239 1157 1309 συναναστραφεὶς
1174 1239 1282 1293 πολλοῖς
1297 1239 1351 1293 τοῖς
1367 1237 1413 1290 τὸν

369 1337 482 1408 Χριστὸν
495 1337 639 1408 ἑορακόσιν.

410 1427 518 1507 ‘cuper
530 1431 577 1488 dia
590 1431 717 1489 Paschae
731 1428 919 1512 ητιατειίοτοες]
939 1433 1080 1497 lrenaeus.
1094 1431 1124 1489 in
1139 1430 1252 1508 Fragm.
1266 1430 1414 1507 Epistolae

370 1529 407 1587 ad
420 1529 568 1588 Victorem
582 1528 689 1606 Papam
705 1530 823 1588 Romae.
844 1529 918 1608 Opp.
935 1549 990 1604 341
1009 1530 1051 1588 ed
1068 1529 1203 1588 Massuet.
1247 1529 1291 1587 Cf.
1307 1528 1412 1586 Euaeb.

371 1628 409 1686 H.
426 1628 458 1686 E.
474 1649 494 1687 v
510 1647 554 1700 24.
598 1634 647 1685 Kal
666 1635 712 1685 τοῦ
731 1632 854 1704 μακαρίου
874 1633 1045 1703 Πολυκόρπου
1066 1630 1265 1701 ἐπιδημήσαντος
1284 1630 1415 1700 τῇῬώρη

370 1726 560 1796 ε’πλἈνικήτου,
573 1728 683 1801 καὶπερὶ
701 1729 789 1784 ἄλλων
802 1735 877 1784 τινῶν
888 1731 964 1802 μικρά
982 1731 1090 1800 σχόντες
1106 1731 1171 1801 πρὸς
1189 1727 1326 1797 ἀλλήλους,
1340 1727 1415 1784 εὐθὺς

371 1825 525 1899 εἶρηνεύσαν,
547 1827 606 1899 περὶ
628 1826 718 1882 τούτου
741 1831 787 1881 τοῦ
815 1829 957 1899 κεφαλαίου
983 1830 1017 1899 ρή
1045 1826 1275 1899 φιλεριστήσαντες
1302 1825 1413 1883 εἀυτοῦς.

371 1927 436 1977 Οὔτε
449 1924 498 1996 γὰρ
512 1927 526 1978 6
539 1923 667 1994 Ἀνίκητος
679 1926 724 1979 τὸν
736 1924 906 1998 Πολῦκαρπον
918 1929 1005 1981 πεῖσαι
1025 1924 1128 1980 ε’δύνατο
1146 1925 1180 1994 μή
1199 1927 1283 1996 τηρεῖν
1294 1925 1338 1978 ἅτε
1351 1925 1415 1993 μετὰ

369 2021 486 2076 Ἰωάννου
503 2026 548 2077 τοῦ
566 2023 678 2092 ραθητοῦ
696 2024 791 2095 Κυρίου
811 2023 887 2092 ήμῶν,
902 2025 942 2078 καὶ
962 2026 1058 2080 λοιπῶν
1076 2023 1237 2078 Ἀποστόλυν
1256 2017 1294 2078 οἷς
1314 2020 1414 2081 σννδᾶ·

370 2121 472 2191 τριψεν,
492 2119 531 2174 dcl
554 2123 713 2191 τειηρηκότα·
748 2125 806 2175 οὔτε
829 2121 878 2191 μήν
897 2124 912 2175 6
932 2118 1101 2193 Πολῦκαρπος
1119 2121 1165 2174 τὸν
1183 2119 1304 2186 Ἀνίκηιον
1327 2118 1415 2173 ἔπεισε

370 2221 461 2289 τηρεῖν,
483 2217 591 2290 λέγοντα
618 2219 663 2288 τήν
687 2217 821 2289 αυτήθειαν
843 2224 894 2273 τῶν
919 2220 970 2290 πρὸ
996 2220 1073 2273 αὑτοῦ
1096 2217 1279 2290 πρεσβυτέρων
1299 2217 1416 2288 ὀφείλειν

370 2313 490 2386 κατέχειν,
534 2317 582 2370 Kal
601 2316 695 2371 τούτων
716 2315 797 2373 οὕτως
817 2317 936 2388 ἐχόντων,
957 2317 1123 2385 ἐκοινώνησαν
1142 2317 1249 2372 ἑαυτοῖς·
1275 2316 1316 2369 καὶ
1335 2315 1363 2368 ἔν
1381 2317 1414 2384 τῇ

370 2413 491 2482 ἐκκλησίᾳ
508 2416 692 2485 παρεχώρησεν
707 2417 722 2469 ὁ
735 2414 863 2483 Ἀνίκητος
880 2415 926 2484 τήν
944 2415 1107 2486 εὐχαριστίαν
1124 2418 1160 2488 τῷ
1174 2415 1344 2487 Πολυκάρπφ,
1360 2412 1414 2466 κατ’

352 2510 492 2581 ·ε’ντροπήν
514 2511 637 2579 δηλονότι·
658 2513 699 2566 καὶ
721 2511 775 2581 μετ’
797 2511 894 2583 εἰρήνης
917 2510 960 2567 ἀπ’
981 2510 1101 2581 α’λλήλιυν
1118 2511 1311 2583 ἀπηλλάγησαν,
1329 2512 1415 2578 πόσης

370 2608 415 2676 τῆς
434 2608 568 2676 ε’κκλησίας
590 2608 687 2681 εἰρήνην
708 2610 826 2680 ἐχόντων,
851 2612 891 2664 καὶ
920 2615 971 2663 τῶν
996 2608 1144 2682 τηρούντων,
1166 2610 1206 2663 καὶ
1233 2615 1284 2663 τῶν
1309 2609 1344 2678 μή
1370 2631 1413 2679 τη-

370 2702 487 2776 potaron.

411 2800 532 2860 Asiatici
547 2802 710 2874 Christiani,
724 2812 758 2862 ut
772 2803 925 2864 Moshemii
938 2804 1032 2863 verbis
1049 2811 1123 2876 utar,
1138 2802 1246 2861 Pascha
1262 2822 1345 2861 suum
1363 2814 1415 2875 14⁸

370 2897 439 2955 luna
462 2898 548 2975 primi
574 2900 678 2958 mensis
701 2900 886 2973 Judaeomm,
909 2902 1008 2959 eodem
1032 2899 1170 2958 nimirum
1192 2907 1330 2976 tempore,
1355 2919 1414 2976 quo

371 2994 474 3053 Judaei
493 3016 599 3073 agnum
617 2998 777 3074 paschalem
791 2999 985 3070 comedebant,
999 2998 1186 3064 celebrabant,
1201 2998 1321 3076 ideoque
1337 2997 1413 3075 jeju-

371 3094 452 3151 nium
466 3114 586 3173 magnac
598 3095 783 3155 hebdomadis
796 3098 1050 3174 interrumpebant.
1093 3096 1164 3173 Ejus
1181 3105 1278 3155 autem
1296 3116 1413 3155 consue·

369 3193 480 3251 tudinis
500 3202 637 3265 auctores,
659 3215 689 3253 se
711 3196 874 3273 Philippum
899 3203 929 3255 et
948 3196 1109 3254 Johannem
1130 3194 1285 3272 Apostolos
1308 3194 1414 3253 habere

371 3291 511 3350 dicebant.
555 3294 669 3370 Reliqui
682 3315 750 3353 vero
765 3294 928 3361 Christiani,
942 3302 1002 3353 tam
1016 3294 1046 3351 in
1060 3293 1138 3364 Asia,
1151 3313 1237 3371 quam
1251 3293 1281 3350 in
1296 3293 1414 3370 Europa

369 3398 401 3449 et
416 3390 521 3462 Africa,
535 3391 613 3450 nefas
628 3412 687 3450 csse
703 3392 844 3451 ducebant
858 3412 978 3470 magnac
991 3391 1177 3450 hebdomadis
1190 3391 1332 3468 jejunium
1345 3399 1414 3450 ante

370 3489 456 3555 diem,
478 3489 528 3567 qui
553 3490 706 3548 memoriae
730 3490 761 3548 in
780 3491 872 3549 vitam
894 3489 1039 3548 redeuntis
1061 3488 1220 3547 Servatoris
1240 3508 1318 3548 sacer
1341 3497 1412 3556 erat,

371 3587 489 3660 solvere,
514 3588 668 3647 etidcirco
690 3609 805 3647 coenam
832 3588 991 3666 paschalem
1015 3588 1046 3645 in
1069 3594 1182 3645 noctem
1207 3587 1283 3645 diem
1307 3587 1413 3647 festum

372 3685 488 3745 Christo
513 3686 542 3744 in
566 3687 656 3745 vitam
682 3695 813 3746 revocato
838 3687 964 3745 dicatum
991 3686 1208 3762 praecedentem
1235 3685 1411 3746 differebant.

372 3784 468 3861 Atque
482 3784 556 3843 huuc
570 3804 678 3844 morem
698 3785 821 3844 Romani
840 3785 965 3842 maxime
980 3784 1134 3842 Christiani
1149 3803 1166 3840 a
1181 3784 1266 3842 Petro
1281 3791 1310 3842 et
1324 3784 1415 3842 Paulo

371 3903 402 3941 se
429 3883 570 3959 accepisse
598 3882 790 3960 perhibebant
848 3883 912 3941 Vid.
939 3883 1099 3942 Commcut.
1126 3882 1162 3940 de
1185 3882 1282 3940 Rebus
1306 3882 1412 3942 Christ.

373 4000 401 4057 Ρ·
419 3995 486 4055 435·

413 4076 572 4159 trinitate]
591 4079 682 4138 Juxta
702 4079 835 4137 Pearsoni
855 4086 884 4137 et
899 4079 1039 4137 Dodwelli
1058 4079 1205 4149 calculum,
1221 4099 1256 4137 ex
1271 4078 1415 4156 Eutychio

371 4175 515 4246 haustum,
532 4176 733 4235 Pontificatum
747 4176 813 4235 iniit·
827 4197 902 4235 anno
917 4196 980 4248 14²·
1004 4176 1163 4235 GAVIUS.

414 4272 429 4316 ¹¹
444 4275 568 4332 Romam
586 4272 674 4355 verrit]
695 4275 820 4341 Annum,
835 4296 891 4352 quo
911 4276 1032 4333 Romam
1046 4276 1156 4334 venerit
1172 4275 1352 4353 Polycarpua,
1367 4275 1415 4334 de-

373 4371 455 4430 linire
468 4392 526 4431 uon
541 4373 632 4430 datur.
676 4373 810 4445 Clericus,
827 4373 903 4432 Hist.
920 4373 995 4431 Eccl.
1011 4394 1037 4450 p.
1052 4376 1120 4447 672,
1135 4373 1237 4433 statuit
1250 4373 1286 4430 A.
1298 4373 1334 4429 D.
1349 4389 1413 4445 152.

374 4471 487 4549 Pagius,
502 4472 537 4529 ad
560 4471 663 4529 Barou.
686 4492 751 4529 ann.
772 4473 836 4544 167,
854 4480 882 4530 et
904 4472 1068 4544 Pearsonua,
1089 4472 1163 4550 Opp.
1184 4471 1280 4532 Posth.
1302 4491 1330 4548 p.
1348 4474 1415 4545 278,

373 4576 503 4627 statuunt
523 4568 557 4627 A.
572 4570 607 4626 D.
628 4572 690 4642 158.
749 4569 945 4641 Sohroeckins,
967 4572 1005 4627 K.
1022 4570 1054 4629 Ο.
1076 4570 1107 4628 iii
1128 4591 1155 4648 p.
1174 4572 1221 4644 56,
1243 4570 1278 4626 A.
1292 4569 1328 4627 D.
1349 4571 1413 4627 160.

375 4667 448 4726 Cum
474 4667 561 4743 Pagio
585 4675 662 4726 stant
687 4667 842 4734 Ruchatus‚
869 4678 898 4726 ct
922 4669 1074 4739 Burtonua,
1096 4669 1236 4733 Lectaurea
1258 4667 1278 4724 ii
1302 4688 1328 4744 p.
1349 4686 1416 4738 121,

375 4764 509 4822 Chronici
530 4765 718 4822 Alexandrini
740 4775 769 4823 et
791 4766 942 4824 Fastorum
965 4766 1126 4824 Siculorum
1151 4765 1320 4825 auctoritate
1343 4765 1413 4823 nixi.

375 4861 510 4919 Neander
529 4869 633 4926 autem,
655 4863 693 4920 K.
716 4863 748 4922 G.
773 4863 788 4919 Ι
810 4864 829 4920 ἰί
853 4883 919 4938 343,
945 4864 1000 4921 iter
1020 4863 1168 4940 Polycarpi
1190 4864 1227 4921 ad
1245 4865 1280 4921 A.
1293 4864 1329 4922 D.
1349 4866 1414 4936 162,

374 4960 472 5018 trahit.

416 5062 422 5105 1
445 5062 618 5144 Marcionis]
635 5065 817 5131 Marcionem,
833 5089 850 5125 a
865 5068 895 5125 B.
912 5067 1042 5125 iohanne
1058 5067 1240 5145 Evangelista
1254 5077 1283 5127 et
1302 5089 1319 5126 a
1336 5089 1413 5146 pres-

372 5163 482 5238 hyteris
496 5163 531 5221 dc
545 5163 660 5222 civitate
675 5164 781 5240 Ephesi
795 5165 933 5241 fugatum,
950 5166 1057 5224 Romae
1074 5166 1213 5225 haeresim
1232 5187 1312 5225 suam
1331 5167 1414 5225 aemi·
