3250 6617
531 1057 676 1121 INDEX
699 1055 976 1132 EDI'l'IQNUM.
1225 1058 1280 1122 lxv

241 1228 333 1312 1650,
349 1228 491 1306 henaim,
507 1229 526 1292 8
542 1229 618 1292 min.
1291 1244 1447 1297 clemRom.

368 1331 566 1396 hmanas
581 1332 681 1411 Rous,
693 1331 828 1416 Collegii
841 1333 1010 1397 Etonensis
1025 1331 1233 1416 Praepositus,
1245 1331 1279 1396 in

324 1435 403 1500 libro
418 1435 568 1520 inscripto
580 1435 680 1500 Mella
689 1436 832 1514 Patrum,
846 1458 959 1520 nempe
973 1435 1137 1515 Omnium,
1148 1459 1280 1520 quorum

323 1561 380 1623 per
392 1538 494 1623 prima
507 1539 665 1604 nascentis
680 1545 714 1603 et
727 1538 878 1624 patientis
892 1539 1049 1603 Ecclesiae
1066 1538 1128 1602 tria
1149 1539 1280 1617 saecula,

324 1666 422 1728 usque
451 1643 491 1708 ad
516 1643 629 1708 Pacem
652 1644 710 1708 sub
740 1641 950 1707 Constantino
979 1642 1133 1707 divinitus
1162 1642 1279 1723 datam,

324 1745 441 1831 scripta
454 1745 647 1831 prodierunt,
659 1753 753 1830 atque
768 1745 870 1810 adhuc
884 1744 988 1809 minus
1003 1744 1116 1809 dubiae
1125 1745 1212 1809 Fidei
1227 1769 1278 1810 su-

325 1855 466 1935 persunt,
481 1849 655 1914 versionem
678 1849 851 1913 Junianam
874 1847 1033 1932 Epistolae
1056 1847 1167 1933 prioris
1190 1848 1278 1913 exhi-

325 1951 405 2031 buit,
427 1975 479 2037 pp.
500 1972 614 2030 1-11,
636 1950 710 2017 hinc
735 1951 808 2016 inde
837 1974 894 2036 pro
918 1951 1048 2016 arbitrio
1074 1952 1279 2031 decurtatam,

324 2054 399 2119 locis
421 2055 454 2118 S.
472 2055 666 2139 Scriptorum
684 2078 763 2140 quae
781 2054 899 2139 profert
914 2054 1059 2119 Clemens
1073 2061 1200 2120 tantum
1215 2078 1279 2120 non

323 2158 468 2222 omnibus
482 2158 614 2223 omissis.

242 2294 282 2356 16
282 2307 335 2378 54,
351 2295 559 2373 Helmeatcdii,
574 2316 605 2377 4.

368 2399 506 2463 Curante
536 2400 652 2463 Joaon.
678 2399 729 2462 ιΙο.
757 2399 902 2463 Mariano
930 2421 1038 2464 recusa
1065 2405 1114 2464 est
1144 2399 1281 2464 Juniana

324 2501 431 2580 editio,
447 2502 507 2566 nisi
522 2502 606 2587 quod
624 2503 752 2567 lacunae
773 2526 837 2568 non
857 2503 954 2566 minio
974 2504 1067 2567 rubro
1082 2503 1136 2568 sed
1151 2503 1279 2569 minori-

325 2604 383 2669 bus
398 2604 498 2669 literis
513 2612 705 2670 notarentur.

367 2707 535 2772 Praemisit
558 2708 709 2773 nonnulla
737 2708 852 2793 quibus
877 2711 1034 2792 γνησιότης
1055 2707 1279 2792 Epistolarum,

324 2811 488 2896 praecipue
516 2818 626 2876 contra
650 2812 812 2890 Vettium,
839 2811 1027 2896 Theologiac
1051 2811 1086 2876 in
1110 2811 1281 2876 Academia

326 2913 536 2999 Ultrajectina
561 2914 780 2991 Professorem,
806 2914 989 2979 adstruitur.
1033 2914 1233 2979 Testimoniis
1262 2938 1281 2978 a

324 3017 422 3081 Junio
447 3017 577 3102 prolatis
605 3018 757 3083 accedunt
783 3017 900 3096 Grotii,
924 3019 965 3083 G.
989 3020 1020 3082 J.
1036 3018 1152 3097 Vossii‚
1183 3019 1279 3082 Blon-

324 3118 409 3199 delli,
428 3126 461 3185 et
479 3120 644 3205 Conringii
666 3120 705 3185 dc
726 3120 776 3184 his
794 3120 966 3185 Clementis
983 3121 1134 3206 Epistolis
1150 3121 1279 3206 judicia.

325 3221 409 3287 Irooo
434 3224 655 3306 Παροραμάτων
681 3223 781 3303 Junii,
806 3223 925 3308 pagina
948 3223 1075 3308 intcgra
1097 3224 1206 3288 erratis
1232 3246 1279 3289 re·

323 3325 405 3391 ferta
418 3325 459 3390 ad
473 3325 589 3391 calcem
604 3325 773 3391 voluminis
788 3325 988 3410 conspicitur.

243 3470 335 3557 1669,
354 3471 493 3551 Oeonioc,
508 3491 558 3538 12.
574 3474 610 3535 Α.
627 3478 657 3536 et
670 3472 707 3536 L.
720 3471 875 3558 Lictfietl.

366 3574 538 3639 Jonarvrvua
561 3574 656 3653 Enna
673 3574 770 3639 Aedis
792 3572 913 3639 Christi
935 3573 1090 3652 Decanus,
1107 3573 1280 3658 Episcopus

324 3676 522 3757 Oxoniensis,
543 3686 641 3742 “non
663 3677 779 3742 librum
802 3677 879 3742 adeo
902 3699 997 3761 quam
1020 3682 1158 3740 strenam
1181 3676 1279 3741 medi-

324 3789 346 3820 “
360 3781 481 3859 tat11s,'’
502 3781 672 3846 editionem
694 3781 795 3860 Junii,
816 3780 919 3865 quoad
937 3779 1113 3864 Epistolam
1134 3780 1279 3866 priorem,

323 3882 426 3950 denuo
440 3884 696 3970 repraesentavit.

366 3986 552 4053 Versionem
574 3987 649 4051 hinc
670 3987 743 4051 inde
765 3986 909 4065 correxit,
924 3992 1067 4052 veterum
1088 3987 1279 4066 testimonia,

322 4095 355 4156 et
378 4095 470 4155 notas
492 4090 603 4154 breves
626 4090 768 4175 subjecit.
814 4089 904 4155 Quae
926 4090 960 4153 in
982 4089 1060 4154 Cod.
1083 4090 1174 4155 Alex.
1199 4090 1279 4155 desi-

325 4193 431 4258 derata
459 4193 494 4257 in
524 4192 614 4257 Junii
644 4193 781 4258 editione
808 4192 908 4258 minio
938 4193 1089 4257 distincta
1116 4198 1216 4272 crant,
1245 4193 1280 4256 in

323 4319 420 4361 unam
448 4297 598 4362 tabellam
627 4296 693 4361 sive
722 4295 879 4382 syllabam
904 4297 944 4360 ad
969 4297 1085 4361 calcem
1110 4295 1279 4360 voluminis

323 4400 492 4487 congessit.

247 4536 340 4619 1677,
358 4537 498 4616 Ocoazac,
517 4557 566 4605 12.
584 4537 750 4601 altato
764 4536 972 4600 Sleldcnicno.

366 4641 407 4705 In
429 4641 487 4704 hac
508 4639 645 4704 editione
666 4639 812 4718 secunda,
835 4662 913 4723 quac
938 4639 1033 4724 priori
1055 4639 1220 4724 praenitet,
1242 4662 1279 4703 ca

322 4765 400 4830 quae
423 4743 538 4807 Junius
561 4742 658 4807 minio
680 4740 869 4807 distinxerat
886 4740 1044 4806 uncinulis
1062 4741 1277 4806 includuntur.

322 4844 472 4930 Cupitum
494 4845 730 4909 distinctionem
750 4845 979 4909 Cotelerianam
999 4844 1145 4908 adhibuit
1163 4845 1277 4921 Fellus,

322 4947 550 5013 Praelationem
565 4947 744 5033 castigavit,
756 4946 930 5032 Epistolam
946 4947 1159 5032 postcriorem,
1174 4953 1206 5011 et
1222 4948 1277 5011 ln-

323 5051 423 5116 dicem
445 5052 582 5116 locorum
605 5052 662 5115 SS.
692 5074 770 5136 quae
802 5075 820 5116 a
848 5051 1011 5115 Clemente
1034 5051 1201 5115 laudantur
1223 5051 1277 5115 ad·

320 5155 411 5219 didit.

281 5278 349 5324 von.
366 5280 389 5324 1.
971 5260 982 5322 i
