3250 6617
813 1909 897 1968 wa
919 1909 1041 1968 ΑΓΙΟΎ

611 2167 1238 2281 ΚΛΗΜΕΝΤΟΣ

737 2480 1039 2559 ΕΠΙΣΤΟΛΗ
1076 2483 1119 2552 Β.

240 2934 356 3050 ἓὴωᾞΰ·
405 2891 690 3021 ἈΔΕΛΦΟΙ,
722 2928 832 3010 οῦκως
857 2930 910 3005 δεῖ
935 2926 1027 3024 ἡμᾶς
1051 2930 1195 3030 φρονεῖν
1221 2926 1300 3026 περὶ
1323 2921 1450 3021 Ἰησοῦ

213 3048 219 3059 ’
312 3038 318 3049 .
406 3058 569 3155 Χριστοῦ
592 3056 639 3138 ὡς
666 3058 745 3157 περὶ
768 3059 873 3150 Θεοῦ,
896 3056 944 3138 ὡς
970 3060 1048 3156 περὶ
1076 3061 1194 3157 κριτοῦ
1221 3049 1363 3153 ζώντων
1389 3056 1482 3137 καῖε

406 3188 547 3285 νεκρῶν·
590 3184 648 3260 καὶ
677 3184 718 3260 οῦ
751 3185 804 3261 δεῖ
828 3183 920 3281 ἡμεῖς
951 3180 1059 3284 μικρὰ
1095 3187 1238 3287 φρονεῖν
1268 3183 1348 3283 περὶ
1384 3183 1450 3278 τῆς

406 3310 584 3415 σονοηρῦνε
602 3310 713 3408 ἡμῶν
742 3311 780 3388 ἐν
797 3316 849 3416 τῷ
877 3308 949 3413 γὰρ
972 3315 1115 3415 φρονεῖν
1133 3311 1224 3409 ἡμᾶς
1241 3307 1351 3412 μικρὰ
1367 3311 1449 3412 περὶ

406 3438 526 3530 αὐτοῦ,
546 3434 654 3540 μικρὰ
674 3440 732 3516 καῖ
752 3436 938 3538 ἐλπίζομεν
962 3444 1100 3532 λαβεῖν·
1130 3442 1188 3517 καὶ
1211 3442 1243 3516 οῖ
1261 3434 1449 3523 ἀκούοντες

451 3752 473 3790 1.
490 3743 553 3788 ΤΟΥ
567 3744 664 3790 ΑΓΙοΥ
678 3759 699 3792 κ.
715 3759 737 3792 ε.
753 3732 792 3873 λδ]
814 3733 904 3793 Tituli
946 3730 1044 3812 cxxvi]
1075 3733 1151 3810 quod
1179 3733 1265 3791 exilia
1292 3732 1378 3792 nimis
1410 3735 1447 3794 de

406 3814 491 3891 hujus
519 3835 554 3872 ne
582 3814 696 3873 literam
720 3815 768 3893 qui
790 3837 834 3874 em
863 3816 905 3872 in·
946 3815 1062 3873 Christo
1076 3814 1363 3892 scripsisaevidetur5
1378 3816 1449 3893 quia

407 3903 519 3971 tegram
547 3897 664 3972 praebet
692 3896 762 3956 cod.
793 3897 903 3956 MStus.
945 3917 1003 3955 non
1020 3917 1053 3955 ea
1071 3896 1187 3972 profan,
1201 3915 1274 3973 quae
1294 3897 1448 3975 praecipue

408 3976 497 4034 Linea
516 3977 617 4053 prima,
630 3979 762 4050 Ἀδελφοί,
776 3979 856 4037 οὕτως
869 3982 908 4034 δεῖ
946 3979 1093 4036 conferant
1112 3978 1149 4035 ad
1170 3977 1373 4036 adstmendam
1393 3978 1447 4038 Di·

407 4060 471 4128 ἡμᾶε
484 4063 595 4132 φρονεῖν,
610 4058 700 4116 literis
716 4059 843 4118 miniatis
857 4080 905 4118 ex·
945 4061 1041 4118 vinam
1064 4059 1172 4119 Christi
1199 4068 1339 4118 naturam.
1393 4061 1447 4120 Le·

407 4139 528 4198 hibetur.
945 4142 1019 4219 gisae
1036 4142 1170 4201 Photium
1193 4141 1266 4198 hane
1285 4140 1447 4218 Epistulam

449 4242 474 4292 4.
511 4222 783 4292 ἈΔΕΛΦοῐ,-ε”νεκσ
812 4224 903 4294 ἡμῶν]
945 4223 1015 4281 satis
1028 4232 1139 4283 constat
1150 4243 1158 4295 3
1174 4223 1209 4281 de
1223 4223 1272 4280 illa
1285 4223 1362 4281 enim
1375 4223 1447 4283 haec

409 4303 496 4360 Hunc
510 4301 635 4361 locuma
653 4302 757 4361 Severo
771 4302 903 4362 Antioeh.
946 4303 1050 4362 habet:
1079 4306 1113 4360 ‘H
1136 4308 1163 4361 δὲ
1185 4307 1289 4379 δευτέρα
1315 4309 1356 4362 ml
1382 4309 1447 4378 σι’σὴ

409 4384 484 4442 Patr.
500 4390 533 4442 ul
548 4403 584 4441 ex
598 4384 651 4461 Ep.
667 4383 688 4440 il
705 4384 740 4441 ad
760 4383 825 4442 Cor.
841 4405 906 4462 pro·
946 4388 1079 4442 νουθεσίαν
1091 4390 1131 4442 καὶ
1143 4387 1292 4460 παραίνεσιν
1304 4389 1447 4460 κρείττονος

408 4465 498 4523 latum
512 4465 629 4524 exhibet
640 4464 808 4538 Curetonus,
820 4466 904 4544 Corp.
946 4469 1043 4541 εἰσάγει
1060 4469 1128 4538 βίου,
1143 4470 1182 4522 καὶ
1203 4470 1230 4523 ἐν
1247 4469 1315 4540 ἀρχῇ
1332 4473 1447 4540 xpm

409 4547 503 4624 Ignat.
523 4568 550 4623 p.
569 4549 644 4619 ²4⁶3
672 4547 748 4605 inter
771 4557 907 4624 excerpta
945 4552 989 4604 τὸν
1002 4552 1067 4603 θεὸν
1084 4548 1214 4620 κηρύσσει
1257 4547 1315 4620 Qui
1332 4548 1446 4608 charae

408 4636 504 4686 autem
526 4628 605 4686 varia
627 4649 643 4686 e
667 4629 694 4686 S.
713 4628 845 4687 Patribus
864 4629 906 4687 ita
945 4636 1020 4687 teres
1033 4629 1163 4704 apprime
1180 4629 1247 4686 huie
1260 4629 1443 4690 conveniunt.

407 4710 563 4776 laudatum,
577 4731 604 4787 p.
620 4729 685 4782 244,
700 4718 732 4768 ut
751 4731 786 4768 ex
804 4711 857 4787 Ep.
874 4710 905 4768 iii
946 4709 1125 4768 WOTTON.

408 4791 443 4848 de
454 4791 629 4868 Virginitate
643 4799 754 4849 sumtus
765 4791 902 4850 videatur.
987 4793 1012 4848 6.
1041 4795 1100 4864 περὶ
1126 4796 1170 4861 τῆς
1200 4795 1325 4863 σωτηρίας
1351 4793 1443 4867 ἡμῖν’]

450 4889 474 4946 5.
491 4878 524 4931 ὡς
537 4878 595 4947 περὶ
609 4876 696 4948 θεοῦ,]
710 4873 741 4931 si
756 4873 825 4931 haec
836 4874 904 4950 Epi·
946 4872 1001 4930 Pro
1015 4873 1192 4930 ludaeorum
1205 4873 1309 4949 placito
1322 4872 1445 4933 Maeuiae

408 4954 481 5011 stola
502 4954 657 5013 Clementis
678 4954 724 5028 sit,
738 4956 842 5015 suffieit
859 4955 905 5013 hic
944 4975 1065 5030 regnum
1079 4954 1108 5011 in
1123 4955 1208 5013 tern'e
1221 4954 1428 5015 somniantium
1434 4978 1443 5030 ;

408 5053 481 5092 unus
523 5036 601 5094 loeus
641 5037 677 5093 ad
721 5037 904 5095 refellendam
945 5045 994 5095 aut
1009 5037 1044 5093 ad
1061 5056 1161 5094 eorum
1181 5037 1293 5112 dogma,
1307 5036 1358 5113 qui
1379 5057 1444 5115 ρεο

410 5115 503 5173 Photii
518 5117 714 5194 objectionem,
729 5118 816 5193 [Bibl.
833 5118 902 5177 Cod.
944 5118 1030 5176 missa
1053 5118 1090 5175 ad
1111 5117 1260 5195 allegorias
1282 5118 1443 5185 trahebant,
