3250 6617
648 1055 866 1120 EPISTOLA
889 1054 936 1117 11.
1248 1055 1314 1122 257

272 1225 463 1312 Dominus,
494 1226 640 1324 quando
674 1234 873 1299 ventmum
905 1233 1003 1297 esset
1035 1249 1188 1322 regnum
1222 1217 1310 1321 ejus,

271 1342 392 1433 ‹lixit3
421 1343 542 1433 Quum
571 1341 645 1416 doc
675 1356 781 1417 ernrzt
807 1368 933 1427 σιιιινιι,
957 1354 989 1415 et
1019 1338 1117 1439 qood
1138 1339 1243 1437 for-is
1272 1354 1311 1414 ιιί

270 1458 370 1557 qood
394 1459 502 1545 intus,
521 1473 552 1532 et
577 1460 781 1533 masculum
806 1485 890 1531 cum
905 1456 1067 1556 semina,
1092 1482 1204 1554 nequo
1229 1483 1311 1530 nias

268 1601 383 1673 oeque
403 1575 563 1674 femina.
619 1576 706 1651 Duo
735 1585 861 1650 autem
891 1583 980 1649 sunt
1009 1599 1134 1660 urium,
1164 1573 1310 1671 quando

266 1691 362 1766 alter
384 1693 433 1766 orl
454 1692 610 1766 alterum
627 1692 818 1792 loquemur
833 1692 1038 1777 veritatem,
1056 1700 1094 1763 et
1111 1691 1150 1763 in
1167 1689 1310 1765 duobus

266 1808 474 1909 corporibus
503 1809 639 1909 absque
672 1806 904 1882 simulatione
934 1806 1046 1880 fuerit
1075 1833 1150 1880 una
1178 1806 1308 1882 anirna.

266 1925 316 1999 Et
343 1924 441 2023 qood
465 1925 570 2024 foris
599 1938 638 1997 ut
673 1923 771 2021 quod
802 1923 911 2011 intuo,
940 1923 1009 1997 hoc
1037 1924 1114 1999 ait:
1150 1923 1309 1997 animam

265 2053 382 2130 vocat,
412 2040 510 2141 quod
539 2042 664 2126 intus;
697 2051 736 2115 et
765 2068 905 2142 corpus,
936 2039 1034 2140 quod
1059 2040 1173 2140 sorio.
1226 2040 1309 2132 Quo

264 2162 372 2236 modo
400 2162 517 2261 igitur
544 2189 675 2261 corpus
700 2171 809 2235 tuum
839 2161 1074 2259 conspicuum
1101 2173 1168 2247 eso,
1191 2161 1244 2235 ita
1270 2171 1309 2235 et

264 2277 478 2352 animatus
514 2279 708 2352 manifesta
741 2278 792 2352 sit
818 2279 856 2350 in
890 2278 994 2351 bonis
1028 2278 1205 2376 operibus.
1257 2279 1307 2352 Et

264 2396 469 2469 masculum
486 2421 569 2469 com
585 2395 748 2494 femina,
765 2421 879 2492 neq-ne.
896 2420 978 2468 orus
996 2421 1109 2492 neq-uo
1125 2394 1277 2493 sentina
1294 2429 1304 2470 .·

265 2507 331 2583 hoc

625 2655 782 2754 Reliqua
806 2656 948 2730 desunt.

269 2893 364 2951 verbis
377 2894 471 2953 citetis
489 2915 575 2972 supro
595 2915 621 2972 p.
637 2914 647 2951 ν
654 2914 690 2968 3²
713 2895 731 2952 l.
750 2914 764 2951 2
807 2893 941 2953 lomcsius
962 2894 1072 2952 malunt
1093 2897 1227 2967 πρόδηλος,
1250 2916 1306 2973 qus

270 2975 462 3053 subjungeret,
477 2981 516 3034 καὶ
536 2978 664 3050 ἑρμηνείας
682 2978 709 3032 δι’
722 2978 767 3051 ῥη-
808 2976 923 3051 quidem
937 2996 1006 3033 voce
1025 2995 1092 3033 usus
1107 2984 1150 3034 est
1165 2976 1305 3043 Clemens,

270 3063 320 3113 τῶν
332 3081 407 3115 τινων
419 3061 564 3116 ἀλλακότως
577 3061 638 3130 ἔχει.
809 3057 862 3135 Ep.
887 3057 902 3114 l
924 3057 956 3133 ἐξ
976 3077 1019 3127 11,
1038 3077 1082 3128 12,
1097 3077 1146 3128 40.
1183 3058 1304 3127 Bcisius‚

310 3137 349 3196 ib.
364 3141 391 3195 ε’ν
404 3142 463 3197 δνσὶ
476 3142 605 3213 σώμασιν]
619 3140 768 3212 Ἐρωτηθεὶς
807 3159 893 3215 quem
914 3138 1003 3196 secuti
1031 3146 1098 3197 sunt
1120 3138 1250 3198 Hofelius
1277 3150 1306 3199 et

269 3222 295 3275 αι’
308 3225 365 3277 ἐστι
377 3222 475 3294 φίλαες
494 3224 553 3295 ἔφη,
568 3221 622 3277 Μία
633 3224 708 3293 ψυχὴ
722 3222 768 3277 δύο
807 3220 975 3291 Dresselius‚
1004 3220 1044 3277 sio
1072 3220 1195 3298 refingit,
1224 3223 1264 3279 καί
1291 3225 1306 3294 η

269 3304 387 3373 σώμασιν
400 3305 537 3360 ε’νοικαῦσα.
571 3301 654 3379 Diog.
672 3302 765 3361 Laeli.
806 3304 882 3375 ψυχή
897 3303 1109 3372 σουδίηληῖσται.
1133 3302 1306 3379 Exemplum

267 3380 298 3440 in
312 3382 372 3442 Vit.
386 3382 506 3444 Aristot.
521 3383 548 3440 V
566 3383 576 3440 i
598 3402 642 3441 20.
805 3392 902 3441 autem
922 3383 1055 3460 adjectivi
1073 3383 1211 3459 simplicis
1229 3388 1306 3455 δῆλος

309 3466 337 3522 6.
360 3467 542 3540 ἀνυποκρίτας]
570 3464 680 3541 Adject.
706 3466 764 3520 ἀνν-
805 3465 948 3522 communi
976 3484 1079 3541 genere
1107 3465 1192 3541 positi
1218 3466 1305 3525 habes

265 3550 383 3620 πόνριεας
403 3546 539 3605 adhibent
553 3545 588 3605 D.
605 3546 709 3603 Paulus
728 3546 764 3603 ad
804 3547 880 3622 apud
915 3546 1013 3623 Eurip.
1043 3546 1118 3603 Med.
1152 3565 1227 3621 1¹94
1259 3549 1302 3605 cd.

266 3624 348 3685 Rom
370 3627 411 3685 xii
434 3648 461 3702 9,
496 3628 528 3684 Il
550 3627 614 3686 Cor.
633 3628 662 3684 vi
684 3628 711 3698 6,
746 3627 761 3684 Ι
803 3627 919 3686 Porson.

265 3706 337 3765 Tim.
360 3708 370 3765 i
392 3724 418 3781 5.
451 3709 484 3766 II
506 3708 515 3765 i
537 3723 564 3781 5,
600 3708 634 3767 D.
652 3708 761 3780 Petrus,
846 3728 889 3766 11.
912 3705 1016 3788 τοῦς[ο]
1048 3746 1061 3771 .
1090 3745 1104 3769 .
1135 3748 1148 3772 ,
1178 3710 1204 3782 .]
1230 3709 1303 3784 Sup

264 3788 280 3846 Ι
294 3789 304 3846 i
320 3808 366 3856 22,
387 3790 423 3848 D.
439 3790 572 3861 lacobus,
593 3789 624 3847 iii
643 3806 685 3863 17.
802 3790 947 3865 plemento
962 3790 1099 3848 accedunt
1113 3790 1166 3848 loci
1185 3810 1303 3866 sequen-

306 3886 331 3945 7.
349 3878 424 3928 ταῦτα
443 3869 536 3951 λέγει]
562 3871 676 3929 Exhinc
696 3877 763 3929 nato
803 3878 847 3929 tes
882 3892 897 3929 e
932 3871 1088 3929 Clementis
1116 3872 1301 3929 Alexandrini

263 3953 409 4011 occasione
436 3954 592 4011 disserendi
620 3953 655 4010 de
679 3952 764 4011 rosti-
804 3952 909 4012 Strom.
931 3953 962 4010 iii
984 3952 1107 4010 desumti
1139 3952 1197 4027 §9.
1225 3959 1256 4009 οἱ
1275 3959 1302 4010 δὲ

262 4039 330 4105 tale,
341 4034 492 4112 reliquum,
502 4035 595 4107 credo,
606 4034 762 4110 Epistolae‚
802 4036 1013 4105 ἀντιτασσόμενοι
1028 4040 1058 4104 τῇ
1072 4037 1153 4090 κτίσει
1171 4041 1216 4089 τοῦ
1236 4042 1302 4091 θεοῦ

263 4135 431 4192 omnemque
446 4136 534 4193 poene
552 4136 712 4173 sermonem
726 4115 761 4173 de
802 4118 844 4172 διὰ
870 4122 914 4187 τῆς
940 4116 1056 4187 εὔφημον
1083 4118 1234 4188 ἐγκρατείας,
1259 4119 1301 4172 κά-

261 4196 436 4274 virginitatis
456 4197 580 4274 puritate
595 4197 759 4263 contexuit3
802 4203 869 4254 κεῖνα
896 4200 1004 4271 λέγουσι
1030 4201 1060 4253 τὰ
1088 4201 1151 4270 πρὸς
1180 4201 1302 4267 Σαλώμην

262 4277 298 4336 de
312 4298 368 4355 quo
382 4278 472 4336 multa
485 4298 631 4355 superesse
642 4298 699 4335 non
710 4278 761 4334 du·
802 4281 924 4351 εἰρημένα,
940 4280 974 4333 ὢν
994 4283 1116 4350 πρότερον
1136 4279 1301 4348 ἐμνήσθημεν·

261 4358 323 4417 bito
343 4360 420 4436 opud
442 4360 529 4418 Clem.
546 4360 628 4418 Alex.
648 4360 761 4417 Patres.
801 4362 907 4432 φέρεται
930 4361 966 4424 δέ,
988 4357 1063 4429 οἶμαι,
1085 4361 1111 4413 ἐν
1127 4365 1162 4434 τῷ
1187 4362 1238 4414 κατ’
1257 4363 1300 4414 Αἷ-

261 4460 316 4516 que
343 4441 421 4499 alios.
457 4441 630 4498 VENDEL.
682 4444 762 4498 Αὐτὸς
801 4443 922 4514 γυπτίαυς
947 4443 1102 4516 Εὖαγγελίῳ.
1155 4445 1222 4496 Φασὶ
1242 4446 1300 4513 γάρ,

261 4524 396 4596 παρθενίαν
406 4525 525 4593 διδάσκει,
540 4522 633 4599 inquit
648 4522 683 4579 (le
699 4522 761 4579 Cle·
802 4524 842 4577 ὅτι
862 4525 936 4579 αὐτὸς
954 4520 1023 4577 εἶπεν
1036 4527 1050 4577 ὁ
1069 4522 1163 4594 Σωτήρ,
1179 4520 1300 4577 “mmo

261 4610 358 4662 mente
368 4603 553 4681 Epiphanius,
563 4604 679 4661 Hoeros.
691 4624 760 4673 xxx,
802 4607 820 4635 “
834 4608 974 4660 καταλῦσαι
986 4607 1018 4659 τὰ
1031 4605 1092 4676 ἔργα
1110 4607 1153 4671 της
1170 4604 1276 4673 θηλείας·
1284 4603 1300 4623 ”

263 4685 340 4762 quod
362 4685 439 4743 idem
464 4685 666 4762 Hieronymus,
686 4684 760 4742 lib.l
801 4687 903 4755 θηλείας
928 4685 981 4754 με’ν,
1003 4689 1047 4754 τῆς
1069 4686 1207 4753 ἐπιθυμίας·
1236 4687 1299 4756 ἔργα

262 4774 362 4826 contro
375 4766 661 4843 Jovinionumcujus
674 4767 761 4824 verbo
801 4768 837 4831 δι’,
849 4770 950 4840 γένεσιν
963 4770 1002 4821 καὶ
1016 4767 1116 4838 φθοράν
1119 4808 1230 4822 .........
1241 4767 1299 4820 ὅθεν

262 4847 309 4906 hic
335 4856 454 4925 usurpat
481 4847 662 4907 doctissimus
683 4847 760 4905 Ven-
801 4850 902 4904 εἰκότως
924 4851 982 4920 περὶ
1007 4846 1152 4902 συντελείας
1173 4847 1296 4916 μηνύσαν-

262 4929 381 4988 dellnlls.
407 4930 553 4988 COLOM.
610 4929 758 4987 Vendollnl
798 4953 840 4987 τος
864 4934 909 4983 τοῦ
934 4933 1024 5001 Λόγου,
1050 4929 1063 4997 ἡ
1086 4932 1192 4998 Σαλώμη
1219 4933 1296 4998 φησί·

264 5011 392 5070 notulam
408 5012 462 5069 sub
477 5011 629 5070 Colomesii
645 5010 760 5068 nomine
799 5015 816 5043 “
832 5012 914 5082 Μέχρι
936 5010 1002 5067 τίνος
1029 5013 1053 5063 ol
1079 5010 1205 5082 ἅνθρωποι
1231 5011 1295 5066 ἀπο.

262 5094 400 5170 pmebent
413 5092 540 5152 Clericus
554 5101 583 5151 ct
597 5091 750 5150 Russelius.
800 5097 816 5125 ¹‘
830 5094 960 5147 θανυῦνται
973 5093 995 5161 ;”
1026 5092 1156 5162 ἄνθρωπον
1176 5092 1203 5144 m
1225 5096 1297 5147 καλεῖ

304 5194 332 5250 9.
347 5178 424 5247 δῆλος
436 5170 516 5254 ἔσται]
540 5173 646 5232 «lunius
662 5181 691 5232 et
706 5174 760 5232 Co·
801 5175 815 5243 ἡ
830 5176 919 5245 rpem)
934 5175 1019 5246 διχῶς·
1040 5177 1084 5227 τόν
1097 5195 1125 5226 τε
1138 5177 1295 5243 φαινόμενον,

348 5290 417 5335 von.
435 5291 457 5334 1.
853 5268 895 5330 il
