3250 6617
343 1070 409 1135 254
710 1069 742 1135 S.
765 1068 1013 1135 CLEMENTIS

345 1251 366 1290 “
384 1241 498 1341 ἡμῶν,
526 1240 623 1340 ἡμεῖς
651 1240 688 1321 δὲ
712 1243 846 1345 ἡμέραν
871 1240 916 1346 ἕξ
940 1240 1069 1346 ἡμέρας
1094 1238 1382 1346 προσδεκόμενοι,

345 1378 368 1416 “
389 1367 489 1447 οῦδὲν
522 1366 658 1449 τούτων
693 1367 902 1473 ἑωράκαμεν.
967 1367 1142 1469 Ἀνόητοι,
1180 1365 1385 1466 συμβάλετε

347 1506 369 1544 “
385 1493 528 1582 ἑαυτοὺς
546 1495 660 1605 ξύλῳ·
690 1496 820 1592 λα’βετε
841 1497 1015 1596 ἄμπελον·
1044 1504 1188 1600 πριῦτον
1205 1495 1269 1596 μὲν
1287 1503 1384 1605 φυλ·

347 1634 369 1672 “
387 1631 540 1727 λορροεῖ,
559 1620 632 1704 εἶτα
653 1624 820 1719 βλαστὸς
847 1625 990 1725 γίνεται,
1010 1622 1098 1723 μετὰ
1114 1631 1227 1705 ταῦτα
1245 1619 1384 1730 ὅμφαξ,

348 1763 369 1801 “
387 1747 461 1832 εἶτα
487 1749 660 1859 σταφυλὴ
684 1758 937 1856 παρεστηκυῖα·
966 1753 1076 1837 οὕτως
1093 1757 1151 1830 καὶ
1169 1755 1189 1831 ὁ
1210 1749 1300 1837 λαός
1317 1784 1419 1851 μου5

347 1891 369 1928 “
386 1881 655 1965 ἀκαταστασίας
684 1883 742 1958 καὶ
772 1881 915 1986 θλίψεις
945 1881 1061 1986 ἔσχεν,
1091 1879 1208 1960 ἔπειτα
1244 1877 1384 1980 ἆπολῆ·

345 2017 367 2054 “
384 2011 492 2113 ψετοι
512 2006 558 2087 τὰ
585 2004 734 2107 ἀγαθοί.”
783 2003 914 2105 Ὥστε,
935 2008 1089 2114 ἀδελφοί
1104 2041 1187 2106 μου,
1208 2004 1258 2106 μὴ
1277 2009 1384 2114 διψα-

344 2140 476 2240 χιῦμεν,
507 2133 608 2213 ἀλλὰ
632 2136 844 2220 ἐλπίσαντες
874 2136 1121 2235 ὑπομείνωμεν,
1152 2135 1210 2214 ἵνα
1237 2138 1296 2215 καὶ
1323 2133 1388 2216 τδν

345 2259 477 2359 μισθδν
505 2261 745 2361 κομισώμεθα.
805 2260 944 2348 Πιστὸς
980 2261 1052 2366 γάρ
1087 2265 1186 2344 ε’στιν
1217 2266 1237 2343 ὁ
1272 2266 1385 2366 ε’παγ·

346 2387 552 2492 γειλάμενος
579 2389 643 2476 τὰς
675 2392 898 2488 ἀντιμισθίας
923 2392 1126 2472 ἀποδιδόναι
1147 2390 1289 2500 ε’κοίστιρ
1315 2399 1388 2472 τῶν
1405 2437 1441 2477 10

345 2518 459 2622 ε”ργων
477 2519 596 2599 αὐτοῦ.
653 2515 743 2598 Ἐὰν
762 2518 825 2597 οῦν
845 2517 1050 2619 ποιήσωμεν
1072 2516 1138 2618 τὴν
1161 2518 1389 2622 δικαιοσῦιογν

346 2647 503 2726 ἐναντίον
519 2655 583 2726 τοῦ
611 2651 721 2745 Θεοῦ,
742 2644 933 2749 εἰσὴξομεν
952 2651 999 2732 εἷς
1026 2644 1091 2746 τὴν
1114 2648 1304 2741 βασιλείαν
1321 2651 1386 2728 αῦ-

346 2781 423 2870 τοῦ,
454 2776 512 2851 καὶ
543 2771 735 2880 ληψόμεθα
764 2770 828 2859 τὰς
854 2774 1080 2875 ἐπαγγελίας,
1112 2770 1186 2859 “ἃς
1212 2775 1296 2882 [οῦς]
1325 2778 1389 2857 οῦκ

347 2914 369 2947 “
387 2900 551 2999 ἤκουσεν,
583 2899 661 2979 οῦδὲ
698 2899 887 3008 ὀφθαλμὸς
917 2899 1001 2999 ἴδεν,
1035 2899 1114 2981 οῦδὲ
1150 2902 1206 2981 ἐπὶ
1242 2904 1389 3008 καρδίαν

347 3042 370 3077 “
387 3028 576 3131 ἀνθρώπου
596 3028 741 3128 οἱνέβη.”
1406 3070 1441 3129 15

185 3187 313 3265 Regnum·
406 3153 479 3237 lB'.
508 3154 756 3260 Ἐκδεχοῦμεθα
785 3158 848 3237 οῦν
877 3156 954 3237 καθ
983 3154 1080 3261 ὤραν
1105 3154 1171 3256 τὴν
1198 3159 1390 3253 βασιλείαν

183 3253 324 3382 ῦῦιοῗὴἶδ
348 3292 412 3366 τοῦ
431 3289 537 3382 Θεοῦ,
558 3287 595 3362 ἐν
612 3282 734 3390 ἀγάπῃ
752 3286 810 3364 καὶ
829 3283 1045 3389 δικαιοσύνῃ·
1075 3282 1190 3384 ἐπειδὴ
1212 3288 1276 3366 οῦκ
1294 3285 1388 3366 οἴδα-

183 3383 297 3433 aarum,
348 3445 412 3510 μεν
428 3408 494 3509 τὴν
511 3410 642 3514 ἡμέραν
659 3414 723 3509 τῆς
750 3412 952 3519 ἐπιφανείας
978 3421 1041 3492 τοῦ
1064 3418 1168 3492 θεοῦ.
1227 3412 1386 3516 Ἐπερω-

348 3679 378 3730 et
402 3671 511 3731 (lolem.
535 3674 662 3746 mallent,
690 3676 746 3733 ἀπό.
791 3673 848 3733 Sed
888 3673 962 3746 nnis,
997 3673 1105 3731 nullam
1139 3672 1232 3733 effecit
1261 3673 1386 3732 lituram

347 3753 413 3812 vide
434 3773 521 3831 supra
540 3774 567 3831 p.
596 3775 652 3813 100
677 3755 695 3812 l.
722 3776 739 3828 4
762 3763 848 3832 atque
890 3755 951 3814 Nee
964 3775 1032 3813 sane
1045 3754 1388 3833 negligendumastquod

349 3836 390 3894 ibi
410 3843 519 3894 notata.
889 3837 1001 3895 monuit
1015 3836 1190 3908 Gallsndius,
1203 3836 1276 3895 hane
1289 3857 1389 3896 vocem

393 3937 416 3974 1.
442 3920 512 3989 ἡμεῖς
532 3920 560 3974 δὲ
579 3919 685 3992 ἡμέραν]
705 3918 751 3976 lta
765 3918 847 3976 Libb.
890 3922 939 3975 οἷοί
951 3938 1009 3977 non
1019 3938 1183 3995 comparere
1195 3917 1224 3975 in
1235 3918 1390 3995 superioris

349 3999 432 4075 impr.
457 4006 524 4056 ante
545 3999 635 4057 Wott.
660 3999 709 4075 qui
733 3999 850 4058 exhibet
890 4000 1064 4077 Epistolae§
1083 4019 1128 4074 23,
1142 3999 1191 4057 ubi
1211 3999 1281 4058 haec
1299 4019 1390 4078 paene

349 4082 419 4151 ἡμεῖς
440 4082 467 4136 δὲ
488 4083 537 4136 υἱοὶ
556 4082 658 4153 ἡμέραν,
676 4081 850 4139 contendens
890 4082 989 4140 eadem
1002 4087 1162 4139 occurrunt.
1198 4080 1271 4140 Mox
1284 4081 1390 4140 iterum

350 4181 448 4220 vocem
469 4164 518 4217 υἱοί
536 4161 567 4219 in
581 4161 667 4219 Msso
687 4161 785 4220 haberi
805 4162 849 4219 in·
889 4171 954 4240 post
968 4166 1110 4235 ἑωράκαμεν
1123 4162 1279 4221 Wottonus
1298 4163 1388 4222 inter·

350 4243 538 4314 terlinearem,
566 4242 665 4300 eadem
699 4263 785 4301 rnanu
820 4252 850 4303 et
889 4244 1014 4303 seritin
1058 4243 1155 4302 Etiam
1168 4243 1215 4302 hia
1228 4251 1306 4304 uerte
1319 4243 1390 4323 legi-

351 4324 505 4383 minutiore
519 4323 680 4383 charactere
693 4333 847 4384 exaratam.
889 4333 938 4384 tur
950 4345 1008 4384 vox
1022 4325 1211 4384 interlinearis
1225 4336 1288 4399 on,
1301 4327 1390 4386 autsi

351 4404 472 4483 Legitur
493 4405 609 4482 quidem
633 4407 663 4463 in
681 4405 768 4466 Msto
791 4427 849 4466 non
890 4407 1060 4466 Wottonum
1086 4407 1192 4480 audias,
1221 4417 1281 4466 m
1333 4408 1391 4468 Sed

352 4486 441 4544 YIOI
453 4488 503 4545 sed
514 4487 610 4545 YOL
627 4488 728 4547 Cernis
736 4488 850 4548 literam
889 4489 959 4547 haee
980 4488 1083 4547 ultima
1102 4487 1207 4566 pagina
1222 4488 1341 4566 praebet
1358 4489 1390 4548 in

351 4568 474 4645 primam
487 4569 628 4646 scriptura
641 4569 753 4628 inversa
771 4570 851 4628 exhi-
890 4569 1054 4628 universum
1068 4589 1170 4628 novem
1183 4570 1391 4631 interlineatio·

351 4650 421 4722 beri,
434 4670 537 4726 nempe
556 4657 593 4714 Y
608 4670 660 4727 pro
675 4651 710 4709 Y.
735 4652 774 4710 Et
788 4652 849 4729 qui·
890 4672 941 4710 nes
964 4652 1056 4729 magis
1082 4651 1178 4710 minus
1204 4652 1391 4729 perspicuas;

352 4732 417 4790 dem
431 4733 525 4790 nullus
539 4732 639 4790 dubito
653 4732 723 4809 quin
738 4753 790 4791 nos
804 4733 851 4791 hia
891 4754 948 4810 quo
960 4741 1058 4792 autem
1067 4733 1132 4810 jure
1146 4739 1228 4793 erant
1241 4733 1314 4793 duae
1328 4741 1390 4793 tan-

351 4812 566 4889 impressionem
592 4813 747 4873 habeamus
773 4814 851 4873 vocis
891 4823 955 4875 tum
975 4815 1148 4888 retinendae,
1161 4823 1289 4875 caeterae
1306 4815 1391 4874 silen-

351 4894 440 4966 ΤΟΥ,
454 4903 613 4954 atramento
627 4895 719 4954 adhuc
732 4896 851 4955 humido
891 4897 934 4956 tio
947 4896 1086 4955 altissimo
1099 4897 1391 4974 praetennittendael

352 4974 494 5045 faetam‚e
512 4977 617 5054 pagina
634 4978 763 5054 sequenti
778 4997 851 5054 quae
891 4978 1097 5037 Additamenta
1122 4979 1191 5036 haee
1217 4979 1273 5036 viri
1303 4978 1390 5050 docti,

347 5056 521 5132 jampridem
542 5058 634 5134 periit.
678 5058 755 5117 Nam
776 5059 851 5117 linea
891 5080 964 5136 quae
987 5059 1083 5117 inania
1109 5060 1309 5136 pronuntiarat
1333 5059 1392 5118 Da-

352 5144 514 5196 transversa
533 5140 632 5198 literae
645 5151 673 5212 T,
687 5147 788 5218 utpote
808 5149 849 5200 te·
892 5140 988 5213 visius,
1016 5141 1046 5199 iu
1073 5149 1186 5202 textum
1214 5141 1391 5202 admiserunt
