3250 6617
404 1045 471 1111 xlvi
650 1043 981 1109 nucaN'rIORUM
1004 1042 1189 1108 JUDICIA

405 1217 569 1281 dicendam
594 1221 757 1280 autumat:
790 1216 857 1281 sine
879 1217 938 1281 hoc
961 1216 1081 1280 nullam
1104 1214 1452 1299 Eucharistiam‚'quin

406 1320 529 1383 nullum
546 1320 784 1384 Sacramentum
804 1326 920 1397 ratum,
935 1319 1058 1382 nullum
1076 1319 1197 1382 cultum
1213 1318 1280 1383 Deo
1295 1319 1450 1403 placitum

406 1443 472 1485 esse
500 1420 694 1505 pronuntiat.
740 1421 928 1505 Quicunque
957 1421 1057 1504 igitur
1081 1420 1269 1505 Episcopali,
1295 1444 1332 1484 ac
1361 1421 1450 1486 omni

407 1525 498 1602 forte,
513 1523 621 1588 ordine
642 1531 759 1602 carent,
777 1547 883 1587 eorum
906 1525 1034 1589 omuino
1055 1526 1197 1603 interest,
1215 1532 1253 1588 ut
1276 1525 1309 1588 S.
1326 1524 1450 1609 Ignatii

407 1626 565 1712 Epistolas
585 1627 771 1711 impugnare
790 1628 876 1691 baud
897 1628 1059 1692 desistant.
1104 1629 1211 1712 Atqm
1227 1627 1302 1691 hinc
1317 1628 1449 1705 facturn,

274 1784 280 1795 .
407 1737 444 1794 ut
461 1732 646 1816 Anonymus
661 1730 800 1814 quidam,
816 1754 909 1815 quem
925 1733 992 1816 jam
1007 1739 1131 1796 constat
1147 1731 1349 1795 Matthaeum
1364 1731 1403 1795 de
1418 1731 1451 1794 la

330 1849 338 1926 f
409 1833 517 1918 Reque
538 1833 644 1913 fuisse,
663 1834 885 1898 Pearsonianas
903 1834 1064 1898 Vindicius
1088 1834 1129 1898 ad
1152 1857 1282 1898 examen
1306 1855 1451 1898 revocare

407 1959 573 2021 aggressus
594 1939 645 2002 sit.
691 1946 712 1976 “
725 1938 821 2015 Sed,”
836 1944 874 2000 ut
894 1938 1054 2002 lohannes
1070 1938 1209 2002 Clericus
1228 1938 1307 2001 bene
1328 1943 1450 2017 notatu,

408 2040 568 2104 “illarum
590 2064 692 2104 rerum
715 2041 819 2125 periti,
842 2047 974 2125 utroque
1000 2064 1090 2125 opere
1112 2041 1281 2125 diligenter
1302 2040 1451 2124 perlecto,

408 2152 429 2182 “
444 2152 602 2227 neganmt
626 2144 784 2208 eruditum
811 2144 901 2208 illum
927 2145 1030 2209 virum
1055 2145 1119 2208 ulla
1145 2144 1265 2209 ratione
1291 2142 1450 2207 Pearsonii

408 2256 429 2285 “
445 2255 633 2331 argumenta
647 2247 883 2312 labefactasse.”

451 2350 530 2413 Erat
544 2349 710 2434 aliquando
724 2350 842 2414 Grabio
858 2351 992 2429 animus,
1002 2350 1198 2435 exceptiones
1214 2351 1262 2414 Ira
1271 2349 1452 2433 Roquanias

409 2453 555 2536 peculiari
577 2454 693 2538 scripto
715 2454 869 2518 discutere
879 2481 888 2531 ς
912 2477 1021 2518 verum
1037 2478 1135 2539 quum
1153 2454 1186 2517 id
1204 2453 1320 2538 partim
1337 2475 1356 2516 a
1376 2453 1450 2518 doc-

297 2631 303 2643 ·
409 2555 530 2621 tissimo
546 2556 683 2641 Georgio
698 2558 802 2635 Bullo,
813 2559 847 2620 in
863 2558 1050 2622 Defensione
1066 2558 1152 2621 Fidei
1167 2558 1335 2635 Nicacnae,
1350 2558 1451 2642 [Sect.

278 2647 316 2709 '··¹·
410 2658 445 2723 iii
468 2659 552 2722 inti
579 2662 597 2744 d
617 2681 656 2724 10
679 2664 761 2747 sqq.]
790 2661 908 2745 partim
933 2661 1103 2725 aNicolao
1128 2661 1157 2724 le
1181 2660 1320 2746 Nourry,
1345 2660 1453 2724 tomi

411 2765 589 2847 Apparatus
619 2764 660 2827 ad
688 2764 918 2827 Bibliothecam
948 2764 1125 2828 Maximam
1155 2765 1295 2842 Patrum,
1321 2762 1453 2847 aliisque

410 2866 530 2931 factum
545 2864 684 2943 vidisset,
699 2889 719 2929 a
732 2868 891 2950 proposito
906 2867 1039 2931 destitit.

459 2969 506 3054 [J.
523 2969 644 3047 Clerici,
660 2969 694 3032 in
714 2969 846 3034 Dissert.
866 2971 904 3035 de
924 2972 1005 3056 Epp.
1025 2971 1213 3055 Ignatianis.
1236 2971 1321 3034 Patt.
1338 2971 1453 3054 Apost.

410 3072 434 3136 ii
454 3097 484 3157 p.
498 3090 558 3157 501
577 3074 804 3158 Amet.1724.]
853 3075 914 3138 Vir
927 3082 1033 3138 autem
1050 3073 1248 3138 doctissimus
1264 3072 1455 3136 Guilielmus

297 3185 303 3197 '
362 3222 370 3247 ,
412 3176 574 3254 Whiston,
589 3200 685 3260 quum
700 3177 822 3241 videret
837 3178 1028 3242 circumferri
1043 3177 1104 3242 duo
1121 3177 1361 3261 Igna-tianarum
1375 3175 1454 3259 Epi·

249 4945 362 4994 Wotton.

411 3279 563 3343 stolarum
585 3279 794 3363 Exemplaria,
817 3280 855 3344 dc
877 3281 989 3364 quibus
1011 3281 1132 3365 copiose
1154 3286 1260 3364 egerat
1279 3279 1338 3342 Vir
1359 3279 1456 3363 longe

411 3381 640 3447 eruditissimus
663 3384 730 3447 Jac.
752 3384 897 3447 Usserius
919 3384 1147 3461 Armachanns,
1169 3388 1202 3447 et
1225 3405 1357 3466 quorum
1383 3382 1455 3466 qui-

411 3484 483 3549 dem
504 3485 638 3548 alterum
659 3485 784 3550 brevius
806 3487 982 3571 genuinum
998 3486 1204 3572 judicaverat,
1224 3486 1359 3550 alterum
1380 3508 1455 3549 vero

410 3588 547 3672 longius,
562 3595 600 3651 ut
621 3589 856 3671 interpolatum,
875 3591 1059 3668 damnarat,
1082 3588 1276 3653 existimavit
1298 3588 1356 3651 sibi
1379 3611 1455 3652 con·

411 3696 462 3755 tra
476 3691 629 3775 posterius
644 3693 733 3776 quasi
747 3692 921 3777 genuinum
939 3693 1179 3770 defendendum,
1195 3716 1230 3757 eo
1250 3692 1333 3776 quod
1354 3692 1458 3756 multa

412 3794 446 3859 in
460 3817 496 3859 eo
511 3795 657 3879 legantur
675 3818 753 3879 quae
768 3794 896 3857 Arianis
918 3795 1120 3879 dogmatibus
1140 3795 1306 3858 manifesto
1326 3795 1435 3858 favent
1444 3820 1455 3871 3

411 3898 547 3962 alterum
568 3920 641 3963 vero
661 3898 891 3982 repudiandum
913 3899 1001 3982 quasi
1022 3900 1062 3963 ab
1082 3899 1297 3962 Athanasiano
1319 3898 1456 3981 quodam

412 4002 604 4066 mutilatum.
665 4002 759 4066 Quod
783 4002 811 4065 si
836 4007 947 4066 contra
969 4002 1163 4086 contigisset,
1186 4007 1225 4064 ut
1252 4000 1286 4063 in
1315 4000 1457 4065 breviore

413 4105 562 4169 Editione
593 4105 703 4170 fuisset
732 4105 941 4183 Arianismus,
971 4107 1058 4190 cujus
1093 4105 1214 4168 nullum
1247 4103 1280 4167 in
1314 4104 1457 4187 longiore

414 4211 525 4275 fuisset
556 4210 727 4294 vestigium
738 4237 747 4289 3
786 4210 935 4274 continuo
967 4211 1048 4275 hanc
1084 4213 1200 4279 νοθείας
1235 4208 1458 4287 insimulasset,

414 4314 500 4379 illam
529 4338 602 4379 vero
632 4317 823 4397 γνησιότητος
851 4314 945 4379 titulo
974 4315 1180 4379 honest-asset.
1239 4313 1351 4397 Neque
1380 4313 1457 4377 haec

414 4441 499 4482 mera
517 4425 565 4483 est
583 4418 755 4482 divinatio:
785 4441 883 4501 quum
907 4418 991 4482 enim
1012 4419 1073 4481 Vir
1090 4417 1289 4493 clarissimus,
1311 4415 1394 4499 apud
1413 4437 1457 4495 se,

415 4522 628 4585 Arianismum
662 4544 727 4585 csse
762 4521 938 4585 doctrinam
968 4520 1193 4605 Evangelicam
1222 4517 1394 4596 statuisset,
1425 4524 1459 4582 et

416 4625 602 4689 contrariam
626 4625 886 4703 Athanasianam,
908 4647 1032 4688 necesse
1058 4646 1154 4708 paene
1180 4629 1247 4687 crat
1272 4646 1341 4687 eam
1368 4644 1457 4706 prae-

417 4730 488 4791 l'erri
503 4729 682 4793 Editionem
699 4730 768 4792 Viri
784 4729 968 4813 Apostolici,
984 4752 1062 4814 quae
1078 4735 1285 4793 consentanea
1299 4726 1459 4791 doctrinae

416 4831 569 4909 videatur,
585 4856 678 4916 quam
693 4833 759 4917 ipsc
774 4833 945 4917 probasset.

466 4934 523 5019 [W
524 4936 627 5000 ottoni
644 4936 676 5000 in
693 4937 792 5000 Prael.
810 4935 982 5000 Clementis
998 4935 1036 4998 R.
1053 4936 1134 5018 Epp.
1151 4934 1308 4999 Editionis
1323 4932 1456 4998 Cantab.

718 5172 732 5201 ¹¹
749 5164 780 5214 In
793 5165 876 5214 Pracf.
890 5165 958 5213 Patt.
971 5166 1061 5227 Apost.
1074 5163 1123 5212 vol.
1133 5164 1158 5212 ii.
