3250 6617
570 1082 785 1146 EPISTOLA
810 1083 856 1160 II,
880 1083 920 1146 vi.
1206 1087 1265 1148 241

228 1253 347 1328 aliena
363 1255 538 1353 putando,
557 1282 622 1329 nec
639 1255 701 1329 illa
717 1255 1030 1355 concupiscendo?
1057 1255 1147 1327 dum
1172 1252 1268 1326 eninr

228 1370 308 1470 ipsa
348 1372 531 1470 possidere
574 1373 868 1471 concupiscimus,
903 1372 1103 1446 excidimus
1145 1400 1168 1443 a
1209 1371 1269 1443 via

222 1486 335 1584 justo

277 1602 345 1677 VI.
376 1604 476 1678 Dicit
492 1616 618 1679 autem
636 1605 826 1691 Dominus,
844 1608 889 1680 N
886 1607 980 1680 ullus
1005 1631 1131 1678 seruos
1151 1616 1267 1701 poton
1283 1626 1359 1674 Mati.
1367 1626 1389 1673 vi
1399 1642 1435 1685 η.

228 1715 368 1792 duobos
392 1718 554 1794 dominis
580 1721 726 1795 servire.
780 1722 819 1796 Si
844 1748 911 1794 nos
936 1720 1105 1794 volumus
1131 1730 1170 1793 et
1186 1719 1267 1792 Deo

228 1833 366 1908 servire
409 1849 440 1909 et
473 1836 724 1923 Mommnnoe,
759 1837 1026 1912 incommodum
1063 1837 1166 1910 nohis
1201 1846 1266 1909 est.

228 1950 332 2024 Nom
361 1978 454 2048 quac
481 1952 633 2040 utilitas,
663 1955 697 2027 si
731 1955 814 2052 quis
848 1954 1059 2027 ἰωνί-ιένεατη
1086 1952 1267 2027 circuduce
1281 1974 1358 2023 Mati.
1374 1973 1414 2023 xvi

227 2068 398 2157 lucretur,
411 2070 581 2145 animum
597 2085 718 2145 autem
736 2071 953 2146 detrimento
967 2071 1135 2169 officiat?
1157 2072 1267 2144 Porro
1281 2040 1319 2090 ²⁶'

227 2184 295 2259 hoo
310 2186 494 2260 saeculum
511 2198 550 2261 et
567 2189 734 2262 futurum
754 2198 844 2263 sunt
861 2188 934 2263 duo
960 2188 1104 2262 inimici
1159 2187 1267 2273 Illud,

226 2303 457 2393 adulterium,
491 2307 743 2404 corruptelam,
777 2306 979 2393 avaritiam,
1022 2316 1061 2379 et
1101 2305 1266 2379 fraudem

225 2420 412 2519 praedicat
424 2452 434 2511 ;
472 2423 539 2496 hoc
568 2448 654 2496 vero
688 2423 769 2497 istis
798 2422 996 2496 remmciat.
1062 2422 1147 2495 Non
1181 2448 1267 2520 ergo

226 2563 419 2635 possumus
444 2539 633 2614 amborum
658 2540 764 2614 amici
787 2566 865 2612 esse
884 2568 891 2626 ;
919 2548 1065 2637 oportet
1081 2546 1206 2611 autem
1223 2548 1268 2610 ut

225 2654 279 2728 illi
312 2656 566 2744 valedicentes,
600 2658 667 2730 hoc
700 2668 860 2731 utamur.
926 2659 1103 2730 Putemus
1136 2656 1267 2730 melius

225 2798 314 2860 esse,
341 2800 435 2872 quae
464 2774 523 2847 hic
550 2784 639 2847 sunt
665 2774 793 2862 odisse,
819 2776 906 2874 quia
933 2801 1046 2873 parva
1075 2784 1114 2847 et
1141 2774 1266 2873 exigui

224 2890 399 2988 temporis
425 2900 463 2963 et
485 2891 709 2989 corruptioni
735 2891 892 2965 obnoxia
917 2902 1027 2979 sunt3
1055 2890 1116 2963 illa
1141 2902 1266 2964 autem

223 3004 384 3105 diligere,
403 3016 531 3105 utpote
548 3007 643 3080 bona
660 3017 699 3080 et
715 3007 932 3107 incorrupte.
961 3007 1151 3082 Facientes
1168 3007 1265 3080 euim

225 3120 364 3196 Christi
388 3124 626 3209 voluntatem,
652 3123 816 3221 requiem
841 3124 1092 3212 inveniemus;
1119 3127 1176 3199 sin
1200 3125 1265 3198 mi·

224 3264 304 3324 nus,
320 3239 412 3311 nihil
429 3266 495 3312 nos
512 3239 558 3312 ab
575 3249 723 3312 aeterno
747 3239 924 3337 supplicio
950 3241 1090 3339 eripiet,
1108 3241 1139 3314 si
1165 3268 1265 3315 man-

224 3353 312 3428 data
341 3355 438 3429 illius
467 3366 748 3430 contemnamus.
802 3355 903 3429 Dicit
932 3368 1057 3430 autem
1083 3367 1122 3430 et
1146 3358 1265 3457 Scrip-

224 3479 308 3545 tura
335 3472 373 3544 in
398 3471 613 3559 Ezechiele;
639 3470 687 3545 Si
712 3472 803 3553 Noe,
822 3485 853 3545 et
878 3473 961 3558 Jou
988 3487 1018 3546 et
1044 3473 1184 3546 Daniel
1209 3502 1263 3547 re·
1278 3500 1364 3547 neu..
1381 3501 1419 3547 xn-

1279 3581 1315 3625 ¹4·
1332 3580 1367 3614 το.

268 3722 312 3761 10.
328 3708 368 3760 καὶ
381 3707 503 3779 φθαράν,]
524 3705 721 3780 corruptelam,
763 3725 830 3763 sane
851 3707 968 3764 exhibet
986 3707 1055 3765 uu.
1072 3708 1183 3780 histos,
1199 3722 1219 3765 0
1234 3718 1263 3768 et

223 3794 364 3860 scirorum,
374 3805 430 3863 quo
444 3806 528 3844 sensu
540 3787 645 3863 legitur
654 3785 722 3842 haee
763 3796 793 3857 Ω,
808 3794 842 3844 ut
856 3788 925 3844 mihi
940 3789 1056 3864 quidem
1067 3789 1188 3859 videtur,
1200 3811 1263 3867 per-

222 3886 280 3923 vox
306 3867 381 3944 opud
404 3868 596 3939 Plutarchum,
621 3868 656 3925 de
678 3887 722 3925 co·
763 3868 889 3926 mutatis.
922 3869 956 3925 In
971 3870 1099 3928 versione
1115 3871 1185 3929 Eud.
1203 3893 1263 3929 om·

223 3947 319 4023 piend.
354 3969 391 4007 ex
425 3949 553 4008 hostibus
587 3949 720 4008 utilitate.
762 3968 812 4006 nes
826 3959 970 4025 praestant
983 3961 1121 4026 metemus.

223 4033 387 4099 Ποστουμίαν
400 4034 427 4087 δὲ
448 4035 477 4087 τὸ
497 4035 576 4105 γελᾴν
589 4035 721 4104 προχειρό-
809 4046 851 4104 15.
882 4036 912 4087 τὰ
940 4035 1021 4106 ἀγαθὰ
1050 4037 1090 4090 καὶ
1117 4036 1258 4109 ἄφθαρτα]

222 4134 304 4182 τερον,
327 4116 367 4167 καὶ
388 4115 465 4184 λαλίᾳ
492 4114 605 4185 χρῆσθαι
626 4113 721 4187 θρασύ,
763 4110 837 4169 Cum
852 4112 920 4171 haec
935 4134 970 4171 cx
984 4114 1103 4172 adverso
1117 4125 1205 4192 ponat
1218 4116 1261 4187 iis,

222 4194 281 4263 τέρᾳ
306 4196 369 4265 πρὸς
391 4196 490 4267 ἄνδρας,
510 4198 635 4264 διέβαλεν,
655 4197 721 4250 ὥστε
763 4213 835 4269 quae
846 4215 932 4271 supra
942 4204 1057 4254 vocaret
1067 4201 1141 4269 μικρὰ
1155 4202 1194 4253 καὶ
1208 4200 1260 4253 ὀλι-

222 4274 333 4344 κριθῆναι
346 4276 453 4347 φθορᾶς.
484 4276 557 4351 Opp.
574 4275 601 4332 vi
620 4297 645 4352 p.
664 4293 722 4349 334
762 4281 884 4348 γοχρόνια
910 4281 950 4333 καὶ
984 4279 1094 4351 φθαρτά,
1124 4298 1260 4354 reponun-

223 4354 267 4411 ed.
283 4354 394 4413 Reiske.
763 4356 832 4413 dum
847 4358 931 4415 credo
945 4362 976 4414 τὰ
993 4364 1091 4432 „qna
1108 4363 1148 4414 καὶ
1161 4362 1259 4433 ἄφθαρ-

267 4454 310 4508 ¹3·
326 4434 459 4517 χρᾶσθαι]
486 4437 534 4495 Sic
555 4457 620 4495 eum
634 4437 720 4496 MSto
760 4462 798 4494 τα
823 4437 954 4496 DAVIS.

222 4516 349 4574 Wottou.
367 4516 497 4576 Galland.
517 4518 717 4577 Schoenenrnn.
805 4538 849 4594 19.
866 4524 939 4593 Λέγει
960 4523 986 4575 δὲ
1008 4524 1047 4576 καὶ
1068 4523 1082 4590 ἡ
1102 4518 1203 4616 γραφὴ]
1224 4522 1259 4579 Iu

222 4597 396 4674 Reithmoyr.
413 4607 442 4658 et
457 4600 625 4658 Dresselius.
651 4600 720 4659 Ceo·
761 4598 922 4665 Colommii,
938 4601 1041 4677 litigii,
1060 4609 1090 4659 et
1108 4602 1203 4678 Freyir
1226 4604 1258 4661 li-

220 4678 276 4736 ten'
289 4682 409 4753 χρῆσθαι.
759 4681 819 4739 bris
834 4680 934 4759 incipit
945 4682 990 4739 hic
1000 4689 1086 4758 caput
1096 4684 1256 4759 septimum.

261 4760 297 4817 ib.
314 4759 441 4841 οἰώμεθα]
464 4762 512 4821 lta
527 4763 633 4821 Russel.
649 4762 717 4821 Gu-
803 4782 848 4820 20.
866 4765 906 4820 ὅτι
929 4767 972 4819 ἐὰν
992 4761 1100 4844 ἀναστῇ]
1125 4766 1152 4823 S.
1166 4765 1257 4841 Chry-

220 4840 720 4920 land.Hefel.Reithmayr.etDres-
759 4851 909 4913 sostomus,
938 4844 1024 4902 Hom.
1054 4845 1117 4902 xliii
1145 4846 1174 4903 in
1201 4847 1256 4905 Ge-

220 4922 315 4996 selius,
330 4923 360 4981 in
381 4932 525 4997 contextu,
540 4934 570 4984 et
583 4927 619 4983 ad
640 4944 720 4982 oram
760 4925 859 4998 nesim,
893 4923 979 5006 [opp.
1007 4924 1035 4982 iv
1066 4946 1093 5002 p.
1125 4930 1182 5001 436
1212 4928 1254 4985 ed.

221 5004 287 5063 libri
297 5005 387 5065 Cotel.
401 5007 509 5065 Colum.
522 5007 603 5083 Frey.
615 5005 718 5065 Sohoe·
761 5006 880 5083 Bened.]
903 5011 963 5064 Ἐὰν
976 5013 1026 5079 στῇ
1039 5012 1096 5082 γάρ,
1112 5013 1188 5080 φησί,
1200 5013 1256 5065 Not

221 5105 387 5157 nemannns,
411 5088 460 5164 qui
488 5109 553 5146 cum
578 5087 666 5145 lunio
689 5098 719 5145 et.
759 5092 799 5143 καὶ
816 5090 877 5154 Ἰὼβ
897 5094 938 5145 καὶ
960 5091 1062 5161 Δανιὴλ,
1087 5093 1155 5148 υἱοὺς
1177 5095 1258 5147 αὐτῶν

221 5166 359 5226 W0tt0n0
382 5168 480 5246 legunt
501 5171 617 5239 Οἶόμεθα,
642 5169 718 5244 quod
760 5173 799 5224 καὶ
813 5171 950 5243 θυγατέρας
964 5175 1044 5228 αὐτῶν
1057 5175 1086 5228 οὐ
1100 5175 1134 5243 μὴ
1149 5176 1254 5242 ε’ξελων·

267 5283 333 5327 von.
351 5284 373 5326 1.
815 5284 826 5325 ι
841 5265 850 5326 i
