<?xml version="1.0" encoding="UTF-8"?>
<!DOCTYPE html PUBLIC "-//W3C//DTD XHTML 1.0 Transitional//EN"
    "http://www.w3.org/TR/xhtml1/DTD/xhtml1-transitional.dtd">
<html xmlns="http://www.w3.org/1999/xhtml" xml:lang="en" lang="en">
 <head>
  <title>
</title>
<meta http-equiv="Content-Type" content="text/html;charset=utf-8" />
  <meta name='ocr-system' content='tesseract 3.04.00' />
  <meta name='ocr-capabilities' content='ocr_page ocr_carea ocr_par ocr_line ocrx_word'/>
</head>
<body>
  <div class='ocr_page' id='page_1' title='image "./sclementisroman00polygoog_0012.png"; bbox 0 0 3250 6617; ppageno 0'>
   <div class='ocr_carea' id='block_1_1' title="bbox 431 1104 1097 1170">
    <p class='ocr_par' dir='ltr' id='par_1_1' title="bbox 431 1104 1097 1170">
     <span class='ocr_line' id='line_1_1' title="bbox 431 1104 1097 1170; baseline -0.003 0"><span class='ocrx_word' id='word_1_1' title='bbox 431 1106 485 1170; x_wconf 87' lang='lat' dir='ltr'>viii</span> <span class='ocrx_word' id='word_1_2' title='bbox 842 1104 1097 1169; x_wconf 80' lang='lat' dir='ltr'><strong>MONITUM.</strong></span> 
     </span>
    </p>
   </div>
   <div class='ocr_carea' id='block_1_2' title="bbox 474 1273 1478 2286">
    <p class='ocr_par' dir='ltr' id='par_1_2' title="bbox 474 1273 1477 1445">
     <span class='ocr_line' id='line_1_2' title="bbox 474 1273 1477 1362; baseline -0.007 -20"><span class='ocrx_word' id='word_1_3' title='bbox 474 1300 598 1353; x_wconf 83' lang='lat' dir='ltr'>nseeus,</span> <span class='ocrx_word' id='word_1_4' title='bbox 616 1277 729 1342; x_wconf 79' lang='lat' dir='ltr'>saeculi</span> <span class='ocrx_word' id='word_1_5' title='bbox 752 1277 882 1341; x_wconf 75' lang='lat' dir='ltr'><strong>forsitan</strong></span> <span class='ocrx_word' id='word_1_6' title='bbox 906 1275 1037 1355; x_wconf 73' lang='lat' dir='ltr'>xlIl=¹¹‚</span> <span class='ocrx_word' id='word_1_7' title='bbox 1050 1276 1157 1362; x_wconf 78' lang='lat' dir='ltr'>judice</span> <span class='ocrx_word' id='word_1_8' title='bbox 1179 1275 1235 1340; x_wconf 82' lang='lat' dir='ltr'>nel.</span> <span class='ocrx_word' id='word_1_9' title='bbox 1255 1275 1353 1338; x_wconf 78' lang='lat' dir='ltr'>Maio.</span> <span class='ocrx_word' id='word_1_10' title='bbox 1400 1273 1477 1337; x_wconf 90' lang='lat' dir='ltr'>Vid.</span> 
     </span>
     <span class='ocr_line' id='line_1_3' title="bbox 474 1379 633 1445; baseline -0.006 -2"><span class='ocrx_word' id='word_1_11' title='bbox 474 1380 551 1444; x_wconf 79' lang='lat' dir='ltr'>st.</span> <span class='ocrx_word' id='word_1_12' title='bbox 567 1379 633 1445; x_wconf 93' lang='lat' dir='ltr'><strong>III.</strong></span> 
     </span>
    </p>

    <p class='ocr_par' dir='ltr' id='par_1_3' title="bbox 475 1481 1477 1662">
     <span class='ocr_line' id='line_1_4' title="bbox 517 1481 1477 1569; baseline -0.002 -22"><span class='ocrx_word' id='word_1_13' title='bbox 517 1482 596 1547; x_wconf 86' lang='lat' dir='ltr'><strong>cod.</strong></span> <span class='ocrx_word' id='word_1_14' title='bbox 612 1499 673 1569; x_wconf 83' lang='lat'>937</span> <span class='ocrx_word' id='word_1_15' title='bbox 691 1481 774 1545; x_wconf 87' lang='lat' dir='ltr'>Bibl.</span> <span class='ocrx_word' id='word_1_16' title='bbox 794 1482 874 1566; x_wconf 74' lang='lat' dir='ltr'>Reg.</span> <span class='ocrx_word' id='word_1_17' title='bbox 892 1482 989 1546; x_wconf 79' lang='lat' dir='ltr'>Paris.</span> <span class='ocrx_word' id='word_1_18' title='bbox 1011 1483 1098 1565; x_wconf 86' lang='lat' dir='ltr'>(olim</span> <span class='ocrx_word' id='word_1_19' title='bbox 1119 1482 1303 1566; x_wconf 74' lang='lat' dir='ltr'>Colbertin.)</span> <span class='ocrx_word' id='word_1_20' title='bbox 1323 1481 1424 1545; x_wconf 82' lang='lat' dir='ltr'>forms</span> <span class='ocrx_word' id='word_1_21' title='bbox 1442 1501 1477 1560; x_wconf 91' lang='lat'>4,</span> 
     </span>
     <span class='ocr_line' id='line_1_5' title="bbox 475 1583 1340 1662; baseline -0.002 -13"><span class='ocrx_word' id='word_1_22' title='bbox 475 1586 667 1662; x_wconf 74' lang='lat' dir='ltr'><strong>chartaceus,</strong></span> <span class='ocrx_word' id='word_1_23' title='bbox 682 1585 803 1649; x_wconf 80' lang='lat' dir='ltr'>saeculo</span> <span class='ocrx_word' id='word_1_24' title='bbox 819 1591 907 1649; x_wconf 78' lang='lat' dir='ltr'>sexto</span> <span class='ocrx_word' id='word_1_25' title='bbox 922 1583 1042 1650; x_wconf 82' lang='lat' dir='ltr'>decimo</span> <span class='ocrx_word' id='word_1_26' title='bbox 1056 1592 1200 1649; x_wconf 79' lang='lat' dir='ltr'>exaratus</span> <span class='ocrx_word' id='word_1_27' title='bbox 1216 1583 1340 1649; x_wconf 85' lang='lat' dir='ltr'>dieitur.</span> 
     </span>
    </p>

    <p class='ocr_par' dir='ltr' id='par_1_4' title="bbox 475 1686 1476 2082">
     <span class='ocr_line' id='line_1_6' title="bbox 518 1686 1475 1765; baseline -0.002 -13"><span class='ocrx_word' id='word_1_28' title='bbox 518 1688 596 1752; x_wconf 84' lang='lat' dir='ltr'>cod.</span> <span class='ocrx_word' id='word_1_29' title='bbox 618 1708 655 1755; x_wconf 80' lang='lat'>21</span> <span class='ocrx_word' id='word_1_30' title='bbox 680 1687 765 1751; x_wconf 89' lang='lat' dir='ltr'>Plut.</span> <span class='ocrx_word' id='word_1_31' title='bbox 782 1687 827 1752; x_wconf 87' lang='lat' dir='ltr'>vii</span> <span class='ocrx_word' id='word_1_32' title='bbox 853 1687 937 1752; x_wconf 92' lang='lat' dir='ltr'>Bibl.</span> <span class='ocrx_word' id='word_1_33' title='bbox 961 1688 1361 1765; x_wconf 58' lang='lat' dir='ltr'>Medieeo-Inurenbiansu</span> <span class='ocrx_word' id='word_1_34' title='bbox 1384 1686 1475 1751; x_wconf 81' lang='lat' dir='ltr'>ebar-</span> 
     </span>
     <span class='ocr_line' id='line_1_7' title="bbox 475 1787 1476 1873; baseline -0.005 -18"><span class='ocrx_word' id='word_1_35' title='bbox 475 1802 593 1869; x_wconf 74' lang='lat' dir='ltr'>tueens,</span> <span class='ocrx_word' id='word_1_36' title='bbox 621 1790 656 1853; x_wconf 93' lang='lat' dir='ltr'>in</span> <span class='ocrx_word' id='word_1_37' title='bbox 684 1810 706 1871; x_wconf 85' lang='lat'>4</span> <span class='ocrx_word' id='word_1_38' title='bbox 735 1790 812 1853; x_wconf 92' lang='lat' dir='ltr'>min.</span> <span class='ocrx_word' id='word_1_39' title='bbox 843 1790 956 1854; x_wconf 78' lang='lat' dir='ltr'>saeculi</span> <span class='ocrx_word' id='word_1_40' title='bbox 986 1789 1118 1854; x_wconf 74' lang='lat' dir='ltr'><strong>forsitan</strong></span> <span class='ocrx_word' id='word_1_41' title='bbox 1147 1787 1251 1854; x_wconf 61' lang='lat' dir='ltr'><strong>xvffi.</strong></span> <span class='ocrx_word' id='word_1_42' title='bbox 1312 1787 1476 1873; x_wconf 69' lang='lat' dir='ltr'>Polycarpi</span> 
     </span>
     <span class='ocr_line' id='line_1_8' title="bbox 475 1891 1474 1978; baseline -0.003 -20"><span class='ocrx_word' id='word_1_43' title='bbox 475 1894 622 1978; x_wconf 77' lang='lat' dir='ltr'>reliquiae</span> <span class='ocrx_word' id='word_1_44' title='bbox 650 1893 808 1977; x_wconf 74' lang='lat' dir='ltr'>Epistulas</span> <span class='ocrx_word' id='word_1_45' title='bbox 837 1893 983 1957; x_wconf 81' lang='lat' dir='ltr'>undecim</span> <span class='ocrx_word' id='word_1_46' title='bbox 1012 1892 1133 1978; x_wconf 76' lang='lat' dir='ltr'>Ignatii</span> <span class='ocrx_word' id='word_1_47' title='bbox 1160 1893 1370 1977; x_wconf 79' lang='lat' dir='ltr'>Interpolstus</span> <span class='ocrx_word' id='word_1_48' title='bbox 1398 1891 1474 1955; x_wconf 90' lang='lat' dir='ltr'>snb-</span> 
     </span>
     <span class='ocr_line' id='line_1_9' title="bbox 475 2006 658 2082; baseline -0.005 -21"><span class='ocrx_word' id='word_1_49' title='bbox 475 2006 658 2082; x_wconf 85' lang='lat' dir='ltr'>sequuntur.</span> 
     </span>
    </p>

    <p class='ocr_par' dir='ltr' id='par_1_5' title="bbox 477 2096 1478 2286">
     <span class='ocr_line' id='line_1_10' title="bbox 518 2096 1478 2182; baseline -0.002 -19"><span class='ocrx_word' id='word_1_50' title='bbox 518 2098 597 2163; x_wconf 83' lang='lat' dir='ltr'><strong>cod.</strong></span> <span class='ocrx_word' id='word_1_51' title='bbox 625 2118 666 2165; x_wconf 84' lang='lat'>20</span> <span class='ocrx_word' id='word_1_52' title='bbox 696 2097 779 2161; x_wconf 82' lang='lat' dir='ltr'>Plut.</span> <span class='ocrx_word' id='word_1_53' title='bbox 805 2097 871 2161; x_wconf 84' lang='lat' dir='ltr'>xxii</span> <span class='ocrx_word' id='word_1_54' title='bbox 900 2098 1039 2182; x_wconf 88' lang='lat' dir='ltr'>ejusdem</span> <span class='ocrx_word' id='word_1_55' title='bbox 1069 2098 1292 2176; x_wconf 77' lang='lat' dir='ltr'>Bibliothecae,</span> <span class='ocrx_word' id='word_1_56' title='bbox 1321 2096 1478 2161; x_wconf 80' lang='lat' dir='ltr'>membra-</span> 
     </span>
     <span class='ocr_line' id='line_1_11' title="bbox 477 2199 1475 2286; baseline -0.002 -21"><span class='ocrx_word' id='word_1_57' title='bbox 477 2224 600 2279; x_wconf 76' lang='lat' dir='ltr'>naceus,</span> <span class='ocrx_word' id='word_1_58' title='bbox 615 2200 717 2265; x_wconf 82' lang='lat' dir='ltr'>forms</span> <span class='ocrx_word' id='word_1_59' title='bbox 735 2200 790 2264; x_wconf 86' lang='lat' dir='ltr'>fol.</span> <span class='ocrx_word' id='word_1_60' title='bbox 811 2223 884 2264; x_wconf 86' lang='lat' dir='ltr'>eum</span> <span class='ocrx_word' id='word_1_61' title='bbox 905 2199 1004 2264; x_wconf 70' lang='lat' dir='ltr'>literis</span> <span class='ocrx_word' id='word_1_62' title='bbox 1025 2200 1198 2265; x_wconf 75' lang='lat' dir='ltr'>initialibus</span> <span class='ocrx_word' id='word_1_63' title='bbox 1217 2200 1320 2286; x_wconf 80' lang='lat' dir='ltr'>Epist.</span> <span class='ocrx_word' id='word_1_64' title='bbox 1339 2200 1475 2264; x_wconf 90' lang='lat' dir='ltr'>nonnul-</span> 
     </span>
    </p>
   </div>
   <div class='ocr_carea' id='block_1_3' title="bbox 477 2304 1474 2472">
    <p class='ocr_par' dir='ltr' id='par_1_6' title="bbox 477 2304 1474 2472">
     <span class='ocr_line' id='line_1_12' title="bbox 477 2304 1474 2389; baseline -0.002 -20"><span class='ocrx_word' id='word_1_65' title='bbox 477 2306 577 2369; x_wconf 78' lang='lat' dir='ltr'>larum</span> <span class='ocrx_word' id='word_1_66' title='bbox 598 2304 710 2381; x_wconf 81' lang='lat' dir='ltr'>aureis,</span> <span class='ocrx_word' id='word_1_67' title='bbox 732 2304 906 2368; x_wconf 83' lang='lat' dir='ltr'>versionem</span> <span class='ocrx_word' id='word_1_68' title='bbox 927 2304 1055 2388; x_wconf 82' lang='lat' dir='ltr'>hujnsoe</span> <span class='ocrx_word' id='word_1_69' title='bbox 1076 2304 1236 2389; x_wconf 74' lang='lat' dir='ltr'>Epistolse</span> <span class='ocrx_word' id='word_1_70' title='bbox 1257 2310 1395 2370; x_wconf 82' lang='lat' dir='ltr'>veterem</span> <span class='ocrx_word' id='word_1_71' title='bbox 1419 2326 1474 2368; x_wconf 84' lang='lat' dir='ltr'>ex·</span> 
     </span>
     <span class='ocr_line' id='line_1_13' title="bbox 477 2406 1190 2472; baseline 0.001 -1"><span class='ocrx_word' id='word_1_72' title='bbox 477 2408 575 2472; x_wconf 87' lang='lat' dir='ltr'>bibet.</span> <span class='ocrx_word' id='word_1_73' title='bbox 621 2407 750 2472; x_wconf 75' lang='lat' dir='ltr'>Saeculo</span> <span class='ocrx_word' id='word_1_74' title='bbox 766 2407 864 2471; x_wconf 57' lang='lat' dir='ltr'>XVM</span> <span class='ocrx_word' id='word_1_75' title='bbox 878 2406 992 2471; x_wconf 75' lang='lat' dir='ltr'>tribuit</span> <span class='ocrx_word' id='word_1_76' title='bbox 1006 2407 1190 2472; x_wconf 74' lang='lat' dir='ltr'>Bendinius.</span> 
     </span>
    </p>
   </div>
   <div class='ocr_carea' id='block_1_4' title="bbox 435 2542 1476 3245">
    <p class='ocr_par' dir='ltr' id='par_1_7' title="bbox 435 2542 1476 3245">
     <span class='ocr_line' id='line_1_14' title="bbox 435 2542 1474 2630; baseline -0.001 -23"><span class='ocrx_word' id='word_1_77' title='bbox 435 2542 476 2607; x_wconf 88' lang='lat' dir='ltr'>ln</span> <span class='ocrx_word' id='word_1_78' title='bbox 498 2542 661 2628; x_wconf 80' lang='lat' dir='ltr'>Pulyeurpi</span> <span class='ocrx_word' id='word_1_79' title='bbox 682 2542 852 2627; x_wconf 75' lang='lat' dir='ltr'>Martyrio,</span> <span class='ocrx_word' id='word_1_80' title='bbox 874 2542 952 2608; x_wconf 86' lang='lat' dir='ltr'>eod.</span> <span class='ocrx_word' id='word_1_81' title='bbox 976 2543 1101 2608; x_wconf 77' lang='lat' dir='ltr'>Beroen.</span> <span class='ocrx_word' id='word_1_82' title='bbox 1119 2544 1181 2630; x_wconf 83' lang='lat'>238</span> <span class='ocrx_word' id='word_1_83' title='bbox 1202 2544 1256 2608; x_wconf 89' lang='lat' dir='ltr'>fol.</span> <span class='ocrx_word' id='word_1_84' title='bbox 1278 2543 1474 2607; x_wconf 82' lang='lat' dir='ltr'>membrana-</span> 
     </span>
     <span class='ocr_line' id='line_1_15' title="bbox 476 2646 845 2711; baseline 0 0"><span class='ocrx_word' id='word_1_85' title='bbox 476 2670 559 2711; x_wconf 72' lang='lat' dir='ltr'>ceus.</span> <span class='ocrx_word' id='word_1_86' title='bbox 603 2646 677 2711; x_wconf 80' lang='lat' dir='ltr'>vid.</span> <span class='ocrx_word' id='word_1_87' title='bbox 692 2646 768 2710; x_wconf 82' lang='lat' dir='ltr'>&#39;l&#39;sb</span> <span class='ocrx_word' id='word_1_88' title='bbox 785 2647 845 2711; x_wconf 83' lang='lat' dir='ltr'>lv.</span> 
     </span>
     <span class='ocr_line' id='line_1_16' title="bbox 521 2748 1474 2830; baseline 0.001 -16"><span class='ocrx_word' id='word_1_89' title='bbox 521 2749 599 2814; x_wconf 77' lang='lat' dir='ltr'><strong>cod.</strong></span> <span class='ocrx_word' id='word_1_90' title='bbox 618 2748 652 2812; x_wconf 87' lang='lat' dir='ltr'>iii</span> <span class='ocrx_word' id='word_1_91' title='bbox 676 2748 762 2813; x_wconf 89' lang='lat' dir='ltr'>Hist.</span> <span class='ocrx_word' id='word_1_92' title='bbox 785 2749 896 2815; x_wconf 79' lang='lat' dir='ltr'>Graec.</span> <span class='ocrx_word' id='word_1_93' title='bbox 919 2750 1112 2829; x_wconf 82' lang='lat' dir='ltr'>Eeel.(01im</span> <span class='ocrx_word' id='word_1_94' title='bbox 1134 2750 1179 2830; x_wconf 85' lang='lat' dir='ltr'>xi)</span> <span class='ocrx_word' id='word_1_95' title='bbox 1202 2750 1285 2815; x_wconf 90' lang='lat' dir='ltr'>Bibl.</span> <span class='ocrx_word' id='word_1_96' title='bbox 1309 2749 1474 2815; x_wconf 75' lang='lat' dir='ltr'>Caesareo·</span> 
     </span>
     <span class='ocr_line' id='line_1_17' title="bbox 478 2852 1474 2937; baseline 0 -22"><span class='ocrx_word' id='word_1_97' title='bbox 478 2852 741 2930; x_wconf 79' lang='lat' dir='ltr'>Vindubonensis,</span> <span class='ocrx_word' id='word_1_98' title='bbox 771 2861 792 2891; x_wconf 88' lang='lat'><strong>“</strong></span> <span class='ocrx_word' id='word_1_99' title='bbox 806 2853 1069 2930; x_wconf 75' lang='lat' dir='ltr'>membranaceus,</span> <span class='ocrx_word' id='word_1_100' title='bbox 1098 2860 1307 2937; x_wconf 71' lang='lat' dir='ltr'>pervetusms,</span> <span class='ocrx_word' id='word_1_101' title='bbox 1336 2853 1474 2937; x_wconf 84' lang='lat' dir='ltr'>elegans,</span> 
     </span>
     <span class='ocr_line' id='line_1_18' title="bbox 479 2954 1474 3041; baseline 0 -23"><span class='ocrx_word' id='word_1_102' title='bbox 479 2964 549 3018; x_wconf 84' lang='lat' dir='ltr'>“et</span> <span class='ocrx_word' id='word_1_103' title='bbox 573 2954 711 3037; x_wconf 76' lang='lat' dir='ltr'>optimae</span> <span class='ocrx_word' id='word_1_104' title='bbox 735 2962 840 3033; x_wconf 78' lang='lat' dir='ltr'>notae,</span> <span class='ocrx_word' id='word_1_105' title='bbox 864 2955 897 3018; x_wconf 93' lang='lat' dir='ltr'>in</span> <span class='ocrx_word' id='word_1_106' title='bbox 921 2955 994 3020; x_wconf 83' lang='lat' dir='ltr'>folio</span> <span class='ocrx_word' id='word_1_107' title='bbox 1018 2961 1056 3020; x_wconf 80' lang='lat' dir='ltr'>ub</span> <span class='ocrx_word' id='word_1_108' title='bbox 1078 2966 1193 3020; x_wconf 76' lang='lat' dir='ltr'>vocant</span> <span class='ocrx_word' id='word_1_109' title='bbox 1222 2979 1314 3041; x_wconf 84' lang='lat' dir='ltr'>super</span> <span class='ocrx_word' id='word_1_110' title='bbox 1343 2955 1474 3040; x_wconf 81' lang='lat' dir='ltr'>regali.”</span> 
     </span>
     <span class='ocr_line' id='line_1_19' title="bbox 479 3057 1476 3141; baseline -0.001 -19"><span class='ocrx_word' id='word_1_111' title='bbox 479 3058 571 3123; x_wconf 72' lang='lat' dir='ltr'>Cous.</span> <span class='ocrx_word' id='word_1_112' title='bbox 588 3057 747 3122; x_wconf 67' lang='lat' dir='ltr'>lambecii</span> <span class='ocrx_word' id='word_1_113' title='bbox 762 3057 863 3121; x_wconf 73' lang='lat' dir='ltr'>Calui.</span> <span class='ocrx_word' id='word_1_114' title='bbox 875 3058 930 3121; x_wconf 83' lang='lat' dir='ltr'>viii</span> <span class='ocrx_word' id='word_1_115' title='bbox 945 3058 1002 3122; x_wconf 84' lang='lat' dir='ltr'>eol.</span> <span class='ocrx_word' id='word_1_116' title='bbox 1016 3058 1074 3141; x_wconf 90' lang='lat'>187</span> <span class='ocrx_word' id='word_1_117' title='bbox 1088 3058 1136 3122; x_wconf 85' lang='lat' dir='ltr'>ed.</span> <span class='ocrx_word' id='word_1_118' title='bbox 1153 3059 1272 3123; x_wconf 85' lang='lat' dir='ltr'>Kollar.</span> <span class='ocrx_word' id='word_1_119' title='bbox 1296 3057 1385 3122; x_wconf 87' lang='lat' dir='ltr'>Libri</span> <span class='ocrx_word' id='word_1_120' title='bbox 1399 3063 1476 3122; x_wconf 82' lang='lat' dir='ltr'>nota</span> 
     </span>
     <span class='ocr_line' id='line_1_20' title="bbox 478 3159 1473 3245; baseline -0.001 -20"><span class='ocrx_word' id='word_1_121' title='bbox 478 3170 538 3239; x_wconf 85' lang='lat' dir='ltr'>est,</span> <span class='ocrx_word' id='word_1_122' title='bbox 564 3159 679 3245; x_wconf 77' lang='lat' dir='ltr'>Magni</span> <span class='ocrx_word' id='word_1_123' title='bbox 704 3160 879 3245; x_wconf 77' lang='lat' dir='ltr'>Menologii</span> <span class='ocrx_word' id='word_1_124' title='bbox 910 3161 1100 3225; x_wconf 72' lang='lat' dir='ltr'>Graecorum</span> <span class='ocrx_word' id='word_1_125' title='bbox 1129 3162 1251 3227; x_wconf 89' lang='lat' dir='ltr'>Mensis</span> <span class='ocrx_word' id='word_1_126' title='bbox 1278 3161 1473 3227; x_wconf 80' lang='lat' dir='ltr'>Februarius.</span> 
     </span>
    </p>
   </div>
   <div class='ocr_carea' id='block_1_5' title="bbox 479 3263 1476 3431">
    <p class='ocr_par' dir='ltr' id='par_1_8' title="bbox 479 3263 1476 3431">
     <span class='ocr_line' id='line_1_21' title="bbox 479 3263 1476 3349; baseline 0.002 -23"><span class='ocrx_word' id='word_1_127' title='bbox 479 3264 677 3329; x_wconf 80' lang='lat' dir='ltr'>Varistiunes</span> <span class='ocrx_word' id='word_1_128' title='bbox 710 3286 823 3349; x_wconf 74' lang='lat' dir='ltr'>pauoes</span> <span class='ocrx_word' id='word_1_129' title='bbox 852 3286 930 3349; x_wconf 73' lang='lat' dir='ltr'>anae</span> <span class='ocrx_word' id='word_1_130' title='bbox 958 3263 1042 3348; x_wconf 88' lang='lat' dir='ltr'>apud</span> <span class='ocrx_word' id='word_1_131' title='bbox 1072 3264 1275 3329; x_wconf 71' lang='lat' dir='ltr'>Immbeeium</span> <span class='ocrx_word' id='word_1_132' title='bbox 1308 3271 1476 3329; x_wconf 82' lang='lat' dir='ltr'>occurrunt</span> 
     </span>
     <span class='ocr_line' id='line_1_22' title="bbox 479 3366 775 3431; baseline -0.007 0"><span class='ocrx_word' id='word_1_133' title='bbox 479 3366 607 3431; x_wconf 80' lang='lat' dir='ltr'>exhibet</span> <span class='ocrx_word' id='word_1_134' title='bbox 622 3366 775 3431; x_wconf 86' lang='lat' dir='ltr'>Smitbns.</span> 
     </span>
    </p>
   </div>
   <div class='ocr_carea' id='block_1_6' title="bbox 430 3538 1476 4011">
    <p class='ocr_par' dir='ltr' id='par_1_9' title="bbox 430 3538 1476 4011">
     <span class='ocr_line' id='line_1_23' title="bbox 489 3538 1476 3638; baseline 0.001 -26"><span class='ocrx_word' id='word_1_135' title='bbox 489 3538 599 3613; x_wconf 81' lang='lat' dir='ltr'>Faxit</span> <span class='ocrx_word' id='word_1_136' title='bbox 624 3538 727 3613; x_wconf 88' lang='lat' dir='ltr'>Deus</span> <span class='ocrx_word' id='word_1_137' title='bbox 751 3538 926 3638; x_wconf 82' lang='lat' dir='ltr'>Optimus</span> <span class='ocrx_word' id='word_1_138' title='bbox 952 3538 1146 3627; x_wconf 83' lang='lat' dir='ltr'>Maximus,</span> <span class='ocrx_word' id='word_1_139' title='bbox 1174 3538 1252 3613; x_wconf 82' lang='lat' dir='ltr'>sine</span> <span class='ocrx_word' id='word_1_140' title='bbox 1279 3565 1350 3638; x_wconf 78' lang='lat' dir='ltr'>quo</span> <span class='ocrx_word' id='word_1_141' title='bbox 1380 3539 1476 3614; x_wconf 75' lang='lat' dir='ltr'>nibil</span> 
     </span>
     <span class='ocr_line' id='line_1_24' title="bbox 436 3660 1474 3764; baseline 0 -25"><span class='ocrx_word' id='word_1_142' title='bbox 436 3678 487 3739; x_wconf 67' lang='lat' dir='ltr'>est</span> <span class='ocrx_word' id='word_1_143' title='bbox 520 3660 699 3750; x_wconf 72' lang='lat' dir='ltr'>validum,</span> <span class='ocrx_word' id='word_1_144' title='bbox 734 3663 832 3738; x_wconf 73' lang='lat' dir='ltr'>nihil</span> <span class='ocrx_word' id='word_1_145' title='bbox 862 3677 1038 3751; x_wconf 68' lang='lat' dir='ltr'>sannam,</span> <span class='ocrx_word' id='word_1_146' title='bbox 1072 3674 1118 3738; x_wconf 78' lang='lat' dir='ltr'>ut</span> <span class='ocrx_word' id='word_1_147' title='bbox 1151 3673 1296 3738; x_wconf 71' lang='lat' dir='ltr'>nostrae</span> <span class='ocrx_word' id='word_1_148' title='bbox 1329 3691 1474 3764; x_wconf 88' lang='lat' dir='ltr'>quoque</span> 
     </span>
     <span class='ocr_line' id='line_1_25' title="bbox 435 3786 1475 3887; baseline 0.001 -24"><span class='ocrx_word' id='word_1_149' title='bbox 435 3814 544 3863; x_wconf 78' lang='lat' dir='ltr'>cume</span> <span class='ocrx_word' id='word_1_150' title='bbox 576 3786 847 3887; x_wconf 80' lang='lat' dir='ltr'>qualescunque</span> <span class='ocrx_word' id='word_1_151' title='bbox 880 3787 1013 3862; x_wconf 84' lang='lat' dir='ltr'>studiis</span> <span class='ocrx_word' id='word_1_152' title='bbox 1046 3813 1168 3861; x_wconf 88' lang='lat' dir='ltr'>rerum</span> <span class='ocrx_word' id='word_1_153' title='bbox 1201 3815 1384 3864; x_wconf 81' lang='lat' dir='ltr'>sacrarum</span> <span class='ocrx_word' id='word_1_154' title='bbox 1412 3789 1475 3865; x_wconf 82' lang='lat' dir='ltr'>ad-</span> 
     </span>
     <span class='ocr_line' id='line_1_26' title="bbox 430 3912 1171 4011; baseline 0 -24"><span class='ocrx_word' id='word_1_155' title='bbox 430 3912 608 4011; x_wconf 82' lang='lat' dir='ltr'>juvandis</span> <span class='ocrx_word' id='word_1_156' title='bbox 624 3914 746 3989; x_wconf 73' lang='lat' dir='ltr'>sructu</span> <span class='ocrx_word' id='word_1_157' title='bbox 762 3913 909 3989; x_wconf 89' lang='lat' dir='ltr'>omnino</span> <span class='ocrx_word' id='word_1_158' title='bbox 926 3939 1000 3988; x_wconf 90' lang='lat' dir='ltr'>non</span> <span class='ocrx_word' id='word_1_159' title='bbox 1017 3923 1171 3988; x_wconf 74' lang='lat' dir='ltr'>careant.</span> 
     </span>
    </p>
   </div>
   <div class='ocr_carea' id='block_1_7' title="bbox 0 0 1649 6612">
    <p class='ocr_par' dir='ltr' id='par_1_10' title="bbox 0 0 1649 6612">
     <span class='ocr_line' id='line_1_27' title="bbox 0 0 1649 6612; baseline 0 0"><span class='ocrx_word' id='word_1_160' title='bbox 0 0 1649 6612; x_wconf 95' lang='lat' dir='ltr'> </span> 
     </span>
    </p>
   </div>
  </div>
 </body>
</html>
