3250 6617
496 1052 555 1116 DE
581 1053 614 1117 S.
638 1054 818 1119 IGNA'PII
842 1054 1081 1118 EPISTOLIS.
1198 1056 1297 1119 xxxiii

254 1222 376 1306 Ignatii
398 1246 559 1309 nunquam
582 1226 727 1290 declinat.
774 1226 876 1290 Semel
899 1232 1027 1291 tantum
1049 1227 1104 1300 ait,
1124 1228 1299 1312 “Epistola

252 1326 329 1389 “ad
343 1326 572 1394 Antiochenses
594 1328 670 1393 viris
692 1329 792 1393 doctis
815 1351 879 1393 non
901 1328 1027 1393 videtur
1048 1328 1202 1412 legitima,
1224 1331 1298 1415 quia

252 1428 328 1491 “ab
352 1428 546 1514 Hieronymo
572 1453 636 1496 non
661 1437 813 1496 annotata
837 1430 871 1494 in
891 1453 986 1496 censu
1004 1431 1144 1516 Operum
1163 1432 1295 1517 Ignatii,

251 1530 424 1616 “ipsisque
438 1532 514 1598 adeo
528 1534 696 1598 Veteribus
711 1535 754 1598 sit
767 1534 964 1618 incognitass’

294 1633 407 1699 Daniel
440 1635 590 1701 Heinsius
626 1638 666 1701 ad
702 1638 832 1702 Novum
861 1638 934 1702 'lest
920 1643 1042 1701 tament
1043 1659 1109 1715 um,
1138 1639 1295 1723 Epistulas
1308 1656 1357 1705 Ηο·
1335 1658 1435 1706 omnus.

251 1738 400 1821 quasdam
415 1762 522 1804 earum
542 1763 620 1825 quae
640 1740 741 1805 editae
761 1746 848 1818 sunt,
864 1739 986 1824 Ignatii
1006 1763 1113 1804 revera
1132 1741 1254 1806 fuisse
1245 1722 1378 1806 ιιι-1633

251 1839 346 1918 dicat,
361 1840 437 1905 alias
452 1863 514 1904 non
529 1841 617 1906 item.
658 1842 816 1906 Gerardus
831 1844 970 1906 Joannes
985 1842 1127 1921 Vossius,
1143 1843 1182 1907 de
1196 1845 1337 1907 nataliG
1344 1855 1371 1903 J.
1380 1855 1441 1904 Vos

250 1964 333 2005 anno
354 1942 484 2021 Christi,
499 1949 575 2007 sect.
590 1965 644 2026 41,
660 1945 758 2008 “Alii
780 1945 970 2029 respondent
992 1946 1114 2030 Ignatii
1136 1935 1363 2030 Epistolasm
1309 1984 1378 2047 643

251 2054 353 2110 “esse
382 2046 606 2130 supposititias,
636 2070 692 2111 nec
721 2048 778 2111 ulli
807 2052 882 2112 ante
911 2047 1087 2112 Nicaennm
1118 2047 1294 2112 Concilium

250 2156 273 2186 “
287 2155 483 2212 memoratas.
530 2150 622 2213 Itane
646 2151 742 2213 vero?
774 2149 873 2215 Quasi
898 2173 962 2214 non
986 2149 1163 2214 meminerit
1187 2174 1294 2215 earum

250 2258 272 2288 “
287 2250 434 2315 Irenaeus
463 2252 518 2316 lib.
543 2276 564 2316 ι
597 2275 663 2337 cap.
692 2253 743 2330 28,
774 2258 806 2316 et
835 2276 871 2317 eo
900 2252 1096 2337 antiquior
1088 2253 1208 2337 ipsique
1237 2277 1295 2337 par

249 2360 271 2391 “
287 2353 415 2436 Ignatio
439 2354 639 2440 Polycarpus,
662 2356 745 2440 apud
769 2355 951 2434 Eusebium,
973 2355 1027 2419 lib.
1044 2355 1078 2418 iii
1100 2378 1167 2438 cap.
1186 2355 1238 2441 36,
1257 2364 1294 2418 ut

249 2462 271 2493 “
285 2455 324 2519 de
339 2456 477 2541 Origene
491 2463 622 2536 taceam,
637 2459 690 2543 qui
712 2458 862 2543 quiddam
884 2458 958 2523 inde
979 2458 1118 2536 adducit,
1136 2457 1255 2523 Homil.
1273 2461 1292 2521 6

248 2558 319 2621 “in
335 2559 487 2623 Lucam.''

291 2661 402 2725 Petrus
431 2669 536 2728 autem
568 2662 744 2728 Hulloixius
774 2664 898 2730 Jesuita
929 2687 994 2727 non
1023 2670 1150 2727 tantum
1183 2685 1291 2727 omnes
1304 2680 1416 2732 Ηοιιοῑι.

250 2763 384 2827 Graecas
404 2764 558 2847 genuinas
579 2772 612 2829 et
631 2788 796 2849 germanas
811 2789 878 2831 esse
892 2788 1018 2850 operose
1032 2765 1195 2829 contendit
1203 2792 1213 2844 3
1237 2767 1291 2830 sed
1305 2746 1374 2812 ¹⁶³⁹·

247 2866 335 2930 etde
354 2866 456 2931 tribus
472 2868 595 2931 Latinis
615 2868 661 2932 ita
677 2868 833 2952 judicium
855 2892 947 2933 suum
966 2869 1103 2953 profert:
1130 2877 1151 2907 “
1161 2869 1231 2933 Nec
1246 2870 1292 2933 ita

248 2975 385 3033 “certae
407 2979 492 3049 sunt,
507 2978 545 3034 ut
566 2971 779 3035 indubitatam
798 2972 892 3036 fidem
914 2972 997 3056 apud
1019 2995 1127 3036 omnes
1150 2996 1289 3037 merean-

248 3078 270 3108 “
283 3078 347 3150 tur,
363 3096 420 3136 nec
434 3073 481 3137 ita
494 3073 640 3152 incertae,
655 3081 693 3138 ut
707 3097 833 3139 omnem
853 3074 1019 3159 perdant.'’
1064 3074 1168 3138 Aliter
1182 3082 1289 3140 tamen

248 3171 420 3258 Dionysius
450 3175 608 3254 Petavius,
637 3175 711 3239 licet
740 3177 878 3260 ejusdem
908 3175 1035 3240 ordinis.
1086 3184 1107 3214 “
1120 3176 1427 3255 Constat,'’P0uvius.

246 3275 362 3361 inquit,
375 3287 396 3316 “
406 3301 513 3343 omues
529 3279 650 3362 Ignatii
665 3279 824 3363 Epistolas
842 3279 1046 3363 interpolatas
1060 3278 1164 3343 firisse.
1203 3280 1289 3345 Nam

247 3380 428 3496 “pleraque
454 3404 493 3444 ex
521 3381 584 3445 illis
611 3380 680 3446 loca
704 3382 744 3446 ab
770 3382 920 3466 Antiquis
945 3381 1082 3460 laudata,
1108 3381 1158 3446 vel
1184 3383 1217 3444 in
1244 3384 1288 3447 eis

246 3483 413 3547 “minime
427 3485 632 3567 reperiuntur,
648 3484 698 3548 vel
714 3485 809 3570 longe
827 3485 918 3549 aliter
932 3485 1135 3569 concepta¹¹.”

289 3586 333 3649 Et
347 3586 480 3670 denique
494 3586 588 3651 Walo
603 3586 811 3651 Messalinus:
835 3588 953 3672 “Apud
972 3611 1022 3652 me
1040 3593 1163 3652 constat
1178 3611 1285 3653 omnes
1298 3606 1373 3655 walo
1361 3607 1455 3721 114Μοι-

245 3688 352 3752 “illas
367 3689 488 3774 Ignatii
503 3689 660 3773 Epistolas
680 3691 895 3775 supposititias
912 3714 989 3768 esse,
1003 3693 1054 3755 vel
1074 3699 1157 3755 certe
1177 3673 1361 3755 multis⁸⁸¹¹¹¹
1298 3689 1402 3787 mmm.
1366 3754 1440 3787 mua
1393 3689 1453 3730 ¹·⁰·

244 3789 357 3855 “locis
378 3790 623 3876 imrpolatass’
645 3797 677 3856 et
699 3792 803 3877 aliqua
824 3792 945 3870 recitat,
966 3802 1075 3877 quae‘
1077 3793 1176 3857 ‘satis
1198 3793 1285 3857 evin·
1302 3807 1372 3865 ιιι.

244 3900 266 3931 “
281 3893 391 3972 cunt,'’
417 3895 579 3978 inquit‚“
594 3918 658 3959 non
686 3918 776 3979 posse
804 3895 884 3959 illud
913 3896 1003 3980 Opus
1032 3896 1164 3959 Auctori
1193 3919 1286 3981 quem

244 3997 452 4061 “ementitur
473 3998 640 4062 adscribi.”
684 3999 732 4061 Ac
754 4022 871 4077 rursus,
887 4008 908 4038 “
920 3999 1079 4083 Epistolae
1100 3998 1172 4062 illae
1194 4007 1287 4064 natae

244 4105 266 4136 “
281 4103 314 4162 et
328 4100 506 4184 suppositae
521 4100 678 4179 videntur,
693 4101 775 4165 circa
792 4100 920 4165 initium
935 4108 991 4165 aut
1005 4101 1145 4165 medium
1160 4103 1285 4166 secundi

243 4209 266 4238 “
280 4202 413 4279 saeculi3
437 4225 498 4286 quo
509 4208 650 4287 tempore
660 4204 780 4288 primus
795 4204 964 4288 singularis
975 4205 1182 4288 Episcopatus
1193 4228 1286 4289 supra

244 4311 266 4341 “
281 4303 539 4389 Presbyteratum
554 4306 752 4371 introductus
767 4307 849 4371 est.’'

288 4405 361 4470 Huc
384 4430 481 4491 usque
496 4408 645 4473 Virorum
667 4409 831 4473 doctorum
849 4409 979 4495 judicia,
1002 4409 1068 4473 sive
1092 4411 1286 4494 conjecturae

207 4531 209 4535 ’
242 4508 348 4592 potius
371 4532 551 4595 progressae
575 4519 661 4591 sunt,
683 4512 760 4576 dum
781 4512 889 4578 Editio
912 4535 976 4576 una
1000 4513 1130 4590 Graeca,
1151 4512 1225 4576 licet
1247 4534 1285 4575 ex

243 4610 364 4675 duobus
393 4611 482 4675 MSS
512 4614 752 4698 exemplaribus,
781 4621 813 4679 et
845 4637 908 4678 una
937 4614 1033 4678 etiam
1062 4614 1286 4699 Intorpretatio

242 4713 360 4779 Latina
382 4716 496 4795 Vetus,
520 4716 566 4780 illi
589 4718 666 4782 satis
690 4722 763 4802 apta
786 4718 986 4802 respondens,
1010 4723 1067 4782 aut
1089 4717 1129 4782 ab
1152 4718 1222 4782 aliis
1245 4719 1285 4782 ad

242 4815 378 4882 Graecos
400 4818 469 4883 illos
488 4819 617 4884 Codices
639 4820 818 4898 reformata,
837 4827 992 4885 exstaret:
1016 4821 1054 4885 de
1076 4821 1189 4906 quibus
1210 4846 1284 4887 con-

236 4919 378 5002 jecturis,
394 4922 546 4986 nonnulla
560 4928 671 4986 notatu
685 4944 749 4986 non
764 4921 898 5006 indigna
907 4922 1011 4987 risum
1027 4929 1076 4987 est
1090 4924 1262 4988 observare.

274 5085 285 5107 ¹
304 5081 407 5143 [Alitar,
429 5087 486 5147 post
504 5083 599 5133 Umerii
618 5082 761 5140 editionem,
777 5083 902 5148 judicarit
922 5084 1049 5134 Patavina.
1084 5085 1148 5134 Vide
1167 5086 1238 5142 iutra,
1259 5103 1284 5151 p.

241 5161 345 5222 xxxviii,
358 5167 385 5210 et
395 5164 460 5214 conf.
473 5164 505 5213 de
517 5164 583 5214 Eoel.
598 5163 753 5223 Hisrarcbin,
766 5165 780 5213 1
793 5165 810 5213 ii
827 5167 875 5229 ¹4·]

286 5261 355 5306 vot.
373 5263 395 5306 1.
885 5269 903 5310 θ
